时间,价格,手数,方向,序列号,委托号
09:15:00,29.51,60,买,1775524500,133210
09:15:00,32.92,1,卖,1775524500,128877
09:15:00,30.93,5,卖,1775524500,128030
09:15:00,32.92,1,卖,1775524500,126469
09:15:00,30.24,2,卖,1775524500,121795
09:15:00,29.01,20,买,1775524500,120140
09:15:00,32.91,32,卖,1775524500,119494
09:15:00,32.91,30,卖,1775524500,119493
09:15:00,30.29,2,卖,1775524500,117581
09:15:00,32.80,8,卖,1775524500,116979
09:15:00,29.31,3,买,1775524500,116330
09:15:00,29.31,3,买,1775524500,116329
09:15:00,29.31,2,买,1775524500,116328
09:15:00,29.31,2,买,1775524500,116325
09:15:00,29.31,2,买,1775524500,116324
09:15:00,31.74,30,卖,1775524500,110366
09:15:00,31.14,37,卖,1775524500,110365
09:15:00,30.94,30,卖,1775524500,110364
09:15:00,32.92,1,卖,1775524500,108328
09:15:00,29.71,3,买,1775524500,108165
09:15:00,32.91,30,卖,1775524500,101232
09:15:00,30.90,4,卖,1775524500,96386
09:15:00,32.91,33,卖,1775524500,94572
09:15:00,30.92,5,卖,1775524500,89355
09:15:00,30.93,10,卖,1775524500,88558
09:15:00,29.70,20,买,1775524500,88348
09:15:00,31.43,20,卖,1775524500,86286
09:15:00,30.43,10,卖,1775524500,86285
09:15:00,32.92,10,卖,1775524500,84557
09:15:00,32.92,3,卖,1775524500,78365
09:15:00,30.35,5,卖,1775524500,71416
09:15:00,29.80,5,买,1775524500,63292
09:15:00,30.85,5,卖,1775524500,54792
09:15:00,29.72,1,买,1775524500,53258
09:15:00,31.91,10,卖,1775524500,52872
09:15:00,30.89,4,卖,1775524500,52486
09:15:00,29.93,1,买,1775524500,49276
09:15:00,29.52,4,买,1775524500,47995
09:15:00,30.98,4,卖,1775524500,40197
09:15:00,31.70,2,卖,1775524500,38343
09:15:00,30.40,5,卖,1775524500,34625
09:15:00,30.14,3,卖,1775524500,34586
09:15:00,32.90,2,卖,1775524500,32938
09:15:00,31.54,2,卖,1775524500,31717
09:15:00,31.24,2,卖,1775524500,31700
09:15:00,29.27,1,买,1775524500,26742
09:15:00,29.27,35,买,1775524500,26677
09:15:00,32.80,7,卖,1775524500,25498
09:15:00,32.00,1,卖,1775524500,22546
09:15:00,27.00,1,买,1775524500,22545
09:15:00,29.00,1,买,1775524500,22540
09:15:00,29.27,2,买,1775524500,20269
09:15:00,30.42,2,卖,1775524500,18648
09:15:00,29.06,1,买,1775524500,17711
09:15:00,30.79,4,卖,1775524500,9273
09:15:00,28.01,1,买,1775524500,5727
09:15:00,32.92,1,卖,1775524500,5294
09:15:00,30.66,2,卖,1775524500,3137
09:15:00,28.80,2,买,1775524500,3136
09:15:00,32.90,1,卖,1775524500,2958
09:15:01,30.95,1,卖,1775524501,172422
09:15:01,26.94,1,买,1775524501,172377
09:15:01,32.92,2,卖,1775524501,171233
09:15:01,29.02,20,买,1775524501,171178
09:15:01,32.91,18,卖,1775524501,165212
09:15:01,27.01,1,卖,1775524501,164157
09:15:01,30.42,2,卖,1775524501,161896
09:15:01,32.92,15,卖,1775524501,161820
09:15:01,29.65,1,买,1775524501,160541
09:15:01,30.42,2,卖,1775524501,155224
09:15:01,30.73,7,卖,1775524501,146292
09:15:01,30.83,3,卖,1775524501,143945
09:15:01,29.51,28,买,1775524501,136539
09:15:01,32.30,1,卖,1775524501,136294
09:15:02,29.60,5,买,1775524502,187191
09:15:02,29.61,3,买,1775524502,185623
09:15:02,27.26,1,买,1775524502,180992
09:15:03,28.00,2,买,1775524503,194356
09:15:04,32.91,1,卖,1775524504,198220
09:15:07,28.50,11,买,1775524507,201188
09:15:07,29.15,11,买,1775524507,201187
09:15:14,29.93,133,买,1775524514,202153
09:15:24,27.09,2,买,1775524524,203953
09:15:59,29.93,33,买,1775524559,211151
09:16:45,32.00,1,卖,1775524605,221629
09:17:05,31.00,26,卖,1775524625,225946
09:17:07,30.89,8,卖,1775524627,226409
09:17:10,29.93,133,买,1775524630,226969
09:17:27,31.60,6,卖,1775524647,230892
09:17:36,31.33,7,卖,1775524656,233084
09:17:46,29.93,66,买,1775524666,235516
09:17:52,29.93,22,买,1775524672,237166
09:17:56,29.93,45,买,1775524676,238111
09:18:04,29.63,5,买,1775524684,240050
09:18:33,29.93,133,买,1775524713,247476
09:18:35,31.15,20,卖,1775524715,247810
09:18:55,29.93,66,买,1775524735,253434
09:19:09,29.93,133,买,1775524749,257161
09:19:15,32.92,1,卖,1775524755,258591
09:19:16,29.93,20,买,1775524756,258982
09:19:17,29.51,28,买,1775524757,259174
09:19:52,29.80,5,买,1775524792,268812
09:20:02,28.43,4,卖,1775524802,271662
09:20:04,29.93,3,买,1775524804,272481
09:20:21,31.00,5,买,1775524821,276601
09:20:38,29.95,2,买,1775524838,280978
09:20:55,31.08,1,卖,1775524855,285248
09:21:06,29.70,1,买,1775524866,289678
09:21:26,30.20,10,买,1775524886,295067
09:21:28,29.00,1,买,1775524888,295570
09:21:48,30.27,1,卖,1775524908,301549
09:21:59,30.21,10,买,1775524919,304959
09:22:06,32.05,2,卖,1775524926,307025
09:22:06,29.78,2,买,1775524926,307013
09:22:10,31.54,10,卖,1775524930,308396
09:22:20,30.02,10,买,1775524940,311399
09:22:22,30.21,61,买,1775524942,311987
09:22:27,31.00,32,卖,1775524947,313701
09:22:30,31.50,10,卖,1775524950,314600
09:22:31,31.00,1,卖,1775524951,314997
09:22:38,30.89,2,卖,1775524958,317231
09:22:39,30.21,2,卖,1775524959,317599
09:22:56,28.92,8,买,1775524976,323420
09:22:56,30.98,6,卖,1775524976,323144
09:22:57,29.93,3,卖,1775524977,323792
09:23:02,32.92,32,卖,1775524982,325329
09:23:14,30.28,2,卖,1775524994,329840
09:23:19,30.79,1,卖,1775524999,331650
09:23:28,30.22,6,卖,1775525008,335332
09:23:29,30.80,5,卖,1775525009,335651
09:23:38,29.95,1,买,1775525018,339089
09:23:40,30.30,2,卖,1775525020,340049
09:23:58,32.50,5,卖,1775525038,347364
09:24:03,30.20,1,卖,1775525043,349967
09:24:03,30.45,1,卖,1775525043,349719
09:24:09,30.19,7,卖,1775525049,352848
09:24:13,30.55,1,卖,1775525053,354993
09:24:18,30.68,1,卖,1775525058,357947
09:24:22,30.34,18,卖,1775525062,360908
09:24:23,30.22,2,买,1775525063,361351
09:24:26,30.20,73,卖,1775525066,363342
09:24:29,30.47,3,卖,1775525069,365744
09:24:33,30.10,7,卖,1775525073,368572
09:24:39,30.20,2,买,1775525079,372355
09:24:40,30.48,16,卖,1775525080,373287
09:24:48,29.60,1,卖,1775525088,379381
09:24:56,30.80,3,买,1775525096,391994
09:24:59,29.60,7,卖,1775525099,403110
09:30:00,30.99,7,卖,1775525400,727185
09:30:00,30.83,5,卖,1775525400,694937
09:30:00,30.99,6,卖,1775525400,670122
09:30:00,30.58,80,卖,1775525400,659895
09:30:00,30.40,80,卖,1775525400,653312
09:30:00,30.17,4,卖,1775525400,652575
09:30:00,29.51,1,买,1775525400,651220
09:30:00,32.50,1,卖,1775525400,649677
09:30:00,30.19,1,卖,1775525400,638206
09:30:00,30.20,1,卖,1775525400,635187
09:30:00,31.00,1,卖,1775525400,633735
09:30:00,30.00,61,买,1775525400,632485
09:30:00,30.02,1,买,1775525400,627868
09:30:00,30.19,2,卖,1775525400,622441
09:30:00,30.18,20,买,1775525400,614920
09:30:00,30.30,1,卖,1775525400,601771
09:30:00,29.70,10,买,1775525400,601651
09:30:00,30.55,10,卖,1775525400,601600
09:30:00,30.33,6,卖,1775525400,585152
09:30:00,29.90,3,买,1775525400,583587
09:30:00,31.05,5,卖,1775525400,580281
09:30:00,29.71,5,买,1775525400,578231
09:30:00,30.00,10,买,1775525400,571582
09:30:00,28.61,10,买,1775525400,568172
09:30:00,27.11,100,买,1775525400,564732
09:30:00,29.80,21,买,1775525400,564584
09:30:00,28.51,50,买,1775525400,556967
09:30:00,28.60,20,买,1775525400,552800
09:30:00,30.60,10,卖,1775525400,550366
09:30:00,30.39,3,卖,1775525400,548979
09:30:00,30.39,4,卖,1775525400,540600
09:30:00,30.91,11,卖,1775525400,491403
09:30:01,30.36,4,卖,1775525401,811920
09:30:01,26.95,5,买,1775525401,810693
09:30:01,30.05,5,买,1775525401,808139
09:30:01,31.00,2,卖,1775525401,792569
09:30:01,30.60,3,卖,1775525401,792067
09:30:01,30.90,5,卖,1775525401,790533
09:30:01,30.19,1,卖,1775525401,790313
09:30:01,30.55,38,卖,1775525401,787392
09:30:01,30.19,3,卖,1775525401,780290
09:30:01,30.03,1,买,1775525401,778824
09:30:01,30.55,1,卖,1775525401,773911
09:30:01,30.98,3,卖,1775525401,772420
09:30:01,30.18,12,卖,1775525401,768978
09:30:01,30.19,4,卖,1775525401,768241
09:30:01,30.18,1,卖,1775525401,763799
09:30:01,30.18,1,卖,1775525401,763702
09:30:01,29.80,68,买,1775525401,763569
09:30:01,30.19,1,卖,1775525401,754610
09:30:01,30.18,2,卖,1775525401,746346
09:30:01,30.98,12,卖,1775525401,739843
09:30:01,30.23,5,卖,1775525401,738927
09:30:02,30.19,2,卖,1775525402,866987
09:30:02,30.19,3,卖,1775525402,866958
09:30:02,30.18,2,卖,1775525402,860837
09:30:02,30.18,2,卖,1775525402,860717
09:30:02,30.18,3,卖,1775525402,860594
09:30:02,30.19,2,卖,1775525402,857202
09:30:02,30.00,12,买,1775525402,850014
09:30:02,30.02,1,买,1775525402,849609
09:30:02,30.18,1,买,1775525402,849223
09:30:02,30.18,1,卖,1775525402,841313
09:30:02,30.20,2,买,1775525402,840642
09:30:02,30.18,2,卖,1775525402,839494
09:30:02,30.19,4,卖,1775525402,839401
09:30:02,30.18,2,卖,1775525402,839002
09:30:02,30.98,5,卖,1775525402,836842
09:30:02,30.18,2,卖,1775525402,833741
09:30:02,30.18,16,卖,1775525402,833304
09:30:02,30.18,1,卖,1775525402,833224
09:30:02,30.20,1,卖,1775525402,830953
09:30:02,30.18,35,卖,1775525402,821038
09:30:02,30.75,5,卖,1775525402,815696
09:30:03,30.00,1,卖,1775525403,906698
09:30:03,30.00,11,卖,1775525403,906469
09:30:03,32.88,49,卖,1775525403,906337
09:30:03,30.05,3,卖,1775525403,905034
09:30:03,30.18,4,卖,1775525403,904652
09:30:03,30.18,3,卖,1775525403,904070
09:30:03,30.05,2,卖,1775525403,902556
09:30:03,30.18,3,卖,1775525403,902429
09:30:03,30.18,2,卖,1775525403,901640
09:30:03,30.07,1,买,1775525403,901392
09:30:03,30.18,5,卖,1775525403,901244
09:30:03,30.16,1,卖,1775525403,901128
09:30:03,30.17,1,卖,1775525403,901070
09:30:03,30.16,1,卖,1775525403,901066
09:30:03,30.18,5,卖,1775525403,900513
09:30:03,30.18,5,卖,1775525403,900289
09:30:03,30.18,2,卖,1775525403,892151
09:30:03,30.18,3,卖,1775525403,884609
09:30:03,30.18,4,卖,1775525403,884518
09:30:03,30.18,2,卖,1775525403,883323
09:30:03,30.19,3,卖,1775525403,879567
09:30:03,30.18,1,卖,1775525403,871528
09:30:03,29.87,10,买,1775525403,870577
09:30:03,30.18,5,卖,1775525403,869162
09:30:04,30.05,4,卖,1775525404,943878
09:30:04,30.05,4,卖,1775525404,943549
09:30:04,30.05,5,卖,1775525404,936986
09:30:04,30.18,2,卖,1775525404,930462
09:30:04,30.18,4,卖,1775525404,926357
09:30:04,30.05,1,卖,1775525404,925708
09:30:04,30.06,1,买,1775525404,918230
09:30:04,30.18,1,卖,1775525404,918224
09:30:04,30.05,4,卖,1775525404,913582
09:30:04,30.05,5,卖,1775525404,913254
09:30:05,29.81,10,买,1775525405,958327
09:30:05,30.18,2,卖,1775525405,955865
09:30:05,30.17,1,卖,1775525405,950161
09:30:05,30.17,1,卖,1775525405,949853
09:30:05,30.05,5,卖,1775525405,945215
09:30:06,30.02,4,卖,1775525406,986772
09:30:06,30.50,1,卖,1775525406,986051
09:30:06,29.88,1,卖,1775525406,985358
09:30:06,30.04,1,卖,1775525406,982499
09:30:06,29.88,18,卖,1775525406,982026
09:30:06,30.18,1,卖,1775525406,978871
09:30:06,30.18,7,卖,1775525406,978403
09:30:06,30.18,1,卖,1775525406,976713
09:30:06,30.18,1,卖,1775525406,975522
09:30:06,30.05,1,买,1775525406,974832
09:30:06,30.18,1,卖,1775525406,974619
09:30:06,30.18,1,卖,1775525406,973067
09:30:06,30.18,1,卖,1775525406,972998
09:30:06,30.18,1,卖,1775525406,972980
09:30:06,30.18,1,卖,1775525406,972931
09:30:06,30.18,1,卖,1775525406,972701
09:30:06,30.18,1,卖,1775525406,972688
09:30:06,30.05,4,卖,1775525406,963514
09:30:06,30.05,4,卖,1775525406,963441
09:30:07,30.05,1,买,1775525407,1007919
09:30:07,30.18,1,卖,1775525407,998248
09:30:07,30.18,1,卖,1775525407,998246
09:30:07,30.18,1,卖,1775525407,997711
09:30:07,30.05,2,买,1775525407,996538
09:30:08,30.01,1,卖,1775525408,1023697
09:30:08,30.03,3,卖,1775525408,1020860
09:30:08,30.04,2,卖,1775525408,1015103
09:30:08,32.71,28,卖,1775525408,1012500
09:30:09,30.00,66,卖,1775525409,1044274
09:30:09,30.00,2,卖,1775525409,1044107
09:30:09,30.05,1,卖,1775525409,1043608
09:30:09,29.95,2,卖,1775525409,1041500
09:30:09,30.00,1,卖,1775525409,1039372
09:30:09,30.00,3,卖,1775525409,1039357
09:30:09,30.00,2,卖,1775525409,1039347
09:30:09,30.00,6,卖,1775525409,1039342
09:30:09,30.00,3,卖,1775525409,1039339
09:30:09,30.00,4,卖,1775525409,1039337
09:30:09,30.00,5,卖,1775525409,1039327
09:30:09,30.00,11,卖,1775525409,1039323
09:30:09,30.00,1,卖,1775525409,1039320
09:30:09,30.00,4,卖,1775525409,1039313
09:30:09,30.00,3,卖,1775525409,1039311
09:30:09,30.02,2,卖,1775525409,1025335
09:30:09,30.19,4,卖,1775525409,1024979
09:30:10,30.00,1,卖,1775525410,1062825
09:30:10,30.00,18,卖,1775525410,1061264
09:30:10,30.00,1,卖,1775525410,1057930
09:30:10,30.00,1,卖,1775525410,1057927
09:30:10,30.00,2,卖,1775525410,1057922
09:30:10,30.00,1,卖,1775525410,1057912
09:30:10,30.00,5,卖,1775525410,1057413
09:30:10,30.00,4,卖,1775525410,1055689
09:30:10,30.00,1,卖,1775525410,1053534
09:30:10,30.00,3,卖,1775525410,1048539
09:30:10,30.00,3,卖,1775525410,1048428
09:30:10,30.20,1,买,1775525410,1045574
09:30:11,30.05,4,卖,1775525411,1076249
09:30:11,30.00,1,卖,1775525411,1073127
09:30:12,30.00,3,卖,1775525412,1095560
09:30:12,29.90,1,卖,1775525412,1095462
09:30:12,30.00,2,卖,1775525412,1095220
09:30:12,29.99,1,卖,1775525412,1093900
09:30:12,29.99,1,卖,1775525412,1093881
09:30:12,29.99,1,卖,1775525412,1093857
09:30:12,30.80,8,卖,1775525412,1086447
09:30:12,31.00,8,卖,1775525412,1077662
09:30:13,30.02,8,卖,1775525413,1117315
09:30:13,30.18,1,卖,1775525413,1107231
09:30:14,30.93,3,卖,1775525414,1127028
09:30:15,29.98,1,卖,1775525415,1149824
09:30:16,29.98,2,卖,1775525416,1162956
09:30:16,29.93,2,卖,1775525416,1162762
09:30:17,29.95,1,卖,1775525417,1181239
09:30:18,29.95,46,卖,1775525418,1188360
09:30:19,29.95,1,卖,1775525419,1213837
09:30:19,29.88,1,卖,1775525419,1211378
09:30:19,29.95,3,卖,1775525419,1211373
09:30:20,30.01,2,卖,1775525420,1233305
09:30:20,30.01,2,卖,1775525420,1233301
09:30:21,29.90,1,卖,1775525421,1254065
09:30:22,29.99,8,卖,1775525422,1282808
09:30:22,29.93,6,买,1775525422,1282226
09:30:22,30.05,5,卖,1775525422,1263594
09:30:23,30.79,2,卖,1775525423,1289177
09:30:23,29.96,7,卖,1775525423,1287374
09:30:24,29.95,2,卖,1775525424,1311970
09:30:24,29.99,1,卖,1775525424,1305751
09:30:25,29.94,4,卖,1775525425,1327248
09:30:27,29.89,2,卖,1775525427,1366848
09:30:27,29.89,4,卖,1775525427,1366840
09:30:27,29.89,1,买,1775525427,1365564
09:30:27,29.89,30,卖,1775525427,1348562
09:30:29,29.89,8,卖,1775525429,1401853
09:30:30,29.88,2,卖,1775525430,1422273
09:30:30,30.50,10,卖,1775525430,1411859
09:30:32,29.90,6,卖,1775525432,1456014
09:30:33,29.87,1,卖,1775525433,1482523
09:30:34,29.88,2,买,1775525434,1490076
09:30:35,29.90,2,买,1775525435,1514276
09:30:35,29.89,1,卖,1775525435,1514270
09:30:35,29.88,2,买,1775525435,1511083
09:30:36,29.87,1,卖,1775525436,1537817
09:30:36,29.87,1,卖,1775525436,1537774
09:30:36,29.87,2,卖,1775525436,1537739
09:30:36,29.87,1,卖,1775525436,1537681
09:30:36,29.88,1,卖,1775525436,1526204
09:30:36,30.35,8,卖,1775525436,1522867
09:30:37,29.89,6,买,1775525437,1557706
09:30:39,29.82,1,卖,1775525439,1599723
09:30:39,29.89,2,卖,1775525439,1599713
09:30:39,29.89,1,买,1775525439,1586798
09:30:40,29.89,3,买,1775525440,1623161
09:30:40,31.20,20,卖,1775525440,1621392
09:30:40,29.89,1,买,1775525440,1603725
09:30:40,29.89,2,买,1775525440,1603668
09:30:40,29.89,1,买,1775525440,1602408
09:30:40,29.89,1,买,1775525440,1602406
09:30:42,29.92,6,买,1775525442,1658387
09:30:42,29.89,10,买,1775525442,1653345
09:30:43,29.93,1,卖,1775525443,1670685
09:30:43,29.90,5,买,1775525443,1668560
09:30:44,32.01,10,卖,1775525444,1697822
09:30:45,29.87,1,买,1775525445,1713311
09:30:45,29.90,3,卖,1775525445,1706727
09:30:46,29.90,1,卖,1775525446,1723406
09:30:46,29.85,1,卖,1775525446,1722009
09:30:48,29.84,1,卖,1775525448,1755143
09:30:48,29.93,1,卖,1775525448,1755056
09:30:48,29.92,1,卖,1775525448,1753963
09:30:50,29.89,1,买,1775525450,1780516
09:30:50,29.92,4,卖,1775525450,1780152
09:30:51,29.76,2,买,1775525451,1792093
09:30:53,29.81,14,卖,1775525453,1823694
09:30:53,32.92,10,卖,1775525453,1823441
09:30:54,29.91,18,卖,1775525454,1837967
09:30:54,29.76,1,卖,1775525454,1836172
09:30:54,29.92,1,卖,1775525454,1836115
09:30:55,29.80,3,买,1775525455,1843322
09:30:56,29.87,14,卖,1775525456,1863369
09:30:56,29.87,1,卖,1775525456,1863125
09:30:56,29.89,15,卖,1775525456,1858014
09:30:56,29.89,3,卖,1775525456,1858000
09:30:56,29.90,2,卖,1775525456,1857790
09:30:56,30.24,2,卖,1775525456,1852357
09:30:57,29.82,5,买,1775525457,1873263
09:30:57,29.86,18,卖,1775525457,1871800
09:30:57,29.92,1,卖,1775525457,1871388
09:30:58,29.91,2,卖,1775525458,1888203
09:30:58,29.91,3,卖,1775525458,1887427
09:30:58,29.92,4,卖,1775525458,1887281
09:30:58,29.91,3,卖,1775525458,1887277
09:30:58,29.83,7,买,1775525458,1887194
09:30:58,29.82,7,买,1775525458,1887071
09:30:58,29.93,2,卖,1775525458,1887027
09:30:58,29.93,2,卖,1775525458,1887025
09:30:58,29.92,1,卖,1775525458,1887024
09:30:58,29.92,24,卖,1775525458,1886915
09:30:58,29.92,1,卖,1775525458,1886864
09:30:58,29.92,10,卖,1775525458,1886856
09:30:58,29.92,2,卖,1775525458,1886839
09:30:58,29.92,3,卖,1775525458,1886777
09:30:58,29.92,2,卖,1775525458,1886728
09:30:58,29.92,11,卖,1775525458,1886725
09:30:58,29.92,4,卖,1775525458,1886720
09:30:58,29.92,2,卖,1775525458,1886716
09:30:58,29.92,2,卖,1775525458,1886655
09:30:58,29.92,1,卖,1775525458,1886646
09:30:58,29.92,79,买,1775525458,1886504
09:30:59,29.91,1,卖,1775525459,1892116
09:31:00,29.83,7,买,1775525460,1903368
09:31:00,29.85,2,买,1775525460,1902788
09:31:00,29.84,1,卖,1775525460,1902445
09:31:00,29.85,1,卖,1775525460,1902090
09:31:02,29.81,1,买,1775525462,1938495
09:31:02,29.82,1,买,1775525462,1938459
09:31:02,29.83,1,买,1775525462,1938398
09:31:02,29.81,5,卖,1775525462,1936715
09:31:03,29.78,3,卖,1775525463,1958135
09:31:04,29.92,2,买,1775525464,1969404
09:31:04,29.83,32,买,1775525464,1966683
09:31:04,29.83,32,卖,1775525464,1965861
09:31:05,29.52,2,买,1775525465,1979806
09:31:06,29.91,1,卖,1775525466,2000722
09:31:06,29.91,1,卖,1775525466,2000560
09:31:06,29.91,1,卖,1775525466,2000470
09:31:06,29.80,14,买,1775525466,1989926
09:31:07,29.90,1,买,1775525467,2019727
09:31:07,29.91,2,卖,1775525467,2009865
09:31:07,29.85,10,买,1775525467,2009264
09:31:07,29.82,29,买,1775525467,2005637
09:31:07,29.82,29,买,1775525467,2005609
09:31:07,29.82,1,买,1775525467,2005601
09:31:07,29.82,35,卖,1775525467,2005350
09:31:08,29.82,5,买,1775525468,2027503
09:31:10,29.90,5,卖,1775525470,2054670
09:31:10,29.90,5,卖,1775525470,2053979
09:31:11,29.85,1,买,1775525471,2067479
09:31:11,29.90,4,卖,1775525471,2061791
09:31:12,31.00,1,卖,1775525472,2084484
09:31:12,29.89,1,卖,1775525472,2083901
09:31:12,29.89,1,卖,1775525472,2082898
09:31:12,29.89,1,卖,1775525472,2082701
09:31:12,29.89,1,卖,1775525472,2082658
09:31:12,29.89,1,卖,1775525472,2082649
09:31:12,29.53,3,买,1775525472,2077738
09:31:12,29.89,2,卖,1775525472,2076866
09:31:13,29.00,3,买,1775525473,2097351
09:31:13,32.92,1,卖,1775525473,2086054
09:31:18,29.89,1,卖,1775525478,2154716
09:31:18,29.89,1,卖,1775525478,2147401
09:31:20,29.89,5,买,1775525480,2178363
09:31:20,29.85,1,买,1775525480,2178308
09:31:20,29.85,36,买,1775525480,2175221
09:31:20,29.85,46,卖,1775525480,2174051
09:31:20,29.82,1,卖,1775525480,2173035
09:31:21,29.75,10,买,1775525481,2192093
09:31:21,29.80,2,买,1775525481,2192087
09:31:21,29.89,1,卖,1775525481,2191646
09:31:22,29.85,46,卖,1775525482,2206780
09:31:23,29.85,17,买,1775525483,2216475
09:31:23,29.85,3,买,1775525483,2216457
09:31:23,29.85,1,买,1775525483,2216454
09:31:23,29.89,28,买,1775525483,2216382
09:31:23,29.83,1,买,1775525483,2216260
09:31:23,29.81,10,买,1775525483,2216149
09:31:23,30.28,30,卖,1775525483,2213960
09:31:24,29.89,1,卖,1775525484,2226050
09:31:24,29.80,5,买,1775525484,2220902
09:31:24,29.82,1,买,1775525484,2220134
09:31:24,29.85,2,买,1775525484,2216612
09:31:24,29.85,5,买,1775525484,2216597
09:31:25,29.93,3,买,1775525485,2237069
09:31:26,29.85,1,买,1775525486,2247909
09:31:26,29.81,2,买,1775525486,2247871
09:31:27,29.89,3,买,1775525487,2260170
09:31:30,29.80,10,买,1775525490,2284684
09:31:31,29.82,2,买,1775525491,2302827
09:31:31,30.22,2,买,1775525491,2296501
09:31:32,30.35,2,买,1775525492,2315567
09:31:32,29.87,4,买,1775525492,2311808
09:31:32,29.87,5,卖,1775525492,2311647
09:31:33,29.90,4,卖,1775525493,2325717
09:31:33,29.89,1,卖,1775525493,2325074
09:31:33,29.86,1,买,1775525493,2324854
09:31:38,29.89,4,买,1775525498,2380492
09:31:38,29.89,1,买,1775525498,2378712
09:31:40,29.89,5,卖,1775525500,2398873
09:31:42,29.89,1,卖,1775525502,2419242
09:31:42,29.89,2,卖,1775525502,2412392
09:31:42,29.89,2,卖,1775525502,2412390
09:31:42,29.89,3,卖,1775525502,2412388
09:31:43,29.89,4,卖,1775525503,2423601
09:31:43,29.89,2,卖,1775525503,2423477
09:31:43,29.89,4,卖,1775525503,2423363
09:31:44,29.88,1,卖,1775525504,2438982
09:31:44,29.89,3,买,1775525504,2434222
09:31:45,29.88,2,卖,1775525505,2448765
09:31:46,30.11,2,卖,1775525506,2456816
09:31:48,29.87,1,卖,1775525508,2477518
09:31:48,29.87,2,卖,1775525508,2476767
09:31:48,29.86,1,卖,1775525508,2476538
09:31:48,32.88,2,卖,1775525508,2471915
09:31:51,29.86,5,卖,1775525511,2504269
09:31:51,29.86,5,卖,1775525511,2504006
09:31:51,0,1,卖,1775525511,2503212
09:31:51,29.86,20,买,1775525511,2499913
09:31:52,29.86,1,卖,1775525512,2511960
09:31:52,29.86,1,卖,1775525512,2511804
09:31:52,29.70,1,买,1775525512,2509403
09:31:53,29.71,4,买,1775525513,2523609
09:31:53,29.86,1,买,1775525513,2523454
09:31:53,29.62,1,买,1775525513,2520697
09:31:54,29.87,1,卖,1775525514,2534634
09:31:54,29.85,1,卖,1775525514,2534405
09:31:54,29.68,3,买,1775525514,2528155
09:31:55,29.86,4,卖,1775525515,2543033
09:31:55,29.86,4,卖,1775525515,2542976
09:31:55,29.86,5,卖,1775525515,2542754
09:31:55,29.86,5,卖,1775525515,2542648
09:31:57,29.85,3,卖,1775525517,2566033
09:31:57,29.86,3,卖,1775525517,2564629
09:31:58,29.85,5,卖,1775525518,2576062
09:31:58,29.85,1,卖,1775525518,2572279
09:31:58,29.85,5,卖,1775525518,2571271
09:31:58,29.87,2,买,1775525518,2570713
09:31:58,30.61,3,卖,1775525518,2568731
09:31:58,29.85,4,卖,1775525518,2567418
09:32:01,30.30,1,卖,1775525521,2599416
09:32:02,32.91,1,卖,1775525522,2607833
09:32:03,29.85,1,卖,1775525523,2627218
09:32:06,29.82,1,卖,1775525526,2656749
09:32:06,29.83,1,买,1775525526,2653887
09:32:06,29.82,1,卖,1775525526,2653813
09:32:07,0,1,卖,1775525527,2663695
09:32:08,29.68,2,买,1775525528,2676324
09:32:11,29.82,7,卖,1775525531,2706136
09:32:12,29.82,2,卖,1775525532,2721818
09:32:12,29.82,2,卖,1775525532,2721047
09:32:12,29.86,10,卖,1775525532,2716459
09:32:12,29.84,6,卖,1775525532,2714572
09:32:12,29.82,35,卖,1775525532,2713066
09:32:13,29.81,1,卖,1775525533,2725902
09:32:14,29.81,1,买,1775525534,2735020
09:32:14,29.85,4,买,1775525534,2733149
09:32:15,29.81,6,卖,1775525535,2742032
09:32:15,30.30,2,卖,1775525535,2741462
09:32:19,29.82,1,买,1775525539,2786848
09:32:21,29.81,10,买,1775525541,2809079
09:32:23,29.81,10,买,1775525543,2828165
09:32:24,29.81,2,卖,1775525544,2839287
09:32:24,29.81,1,买,1775525544,2831652
09:32:24,29.81,40,卖,1775525544,2831394
09:32:25,29.75,7,卖,1775525545,2844479
09:32:26,29.78,1,买,1775525546,2860647
09:32:27,29.80,43,卖,1775525547,2874649
09:32:27,29.80,12,卖,1775525547,2874639
09:32:27,29.80,46,卖,1775525547,2874498
09:32:27,29.81,1,卖,1775525547,2872500
09:32:28,29.80,100,卖,1775525548,2881037
09:32:28,29.80,5,卖,1775525548,2875680
09:32:28,29.80,17,卖,1775525548,2875678
09:32:28,29.81,11,卖,1775525548,2875249
09:32:28,29.80,4,卖,1775525548,2875026
09:32:29,29.76,1,买,1775525549,2891827
09:32:29,29.79,18,卖,1775525549,2889291
09:32:29,29.79,18,卖,1775525549,2888937
09:32:30,29.79,1,卖,1775525550,2900735
09:32:31,29.78,2,卖,1775525551,2913558
09:32:31,29.78,2,卖,1775525551,2909169
09:32:31,29.78,17,卖,1775525551,2908474
09:32:31,29.78,1,卖,1775525551,2908473
09:32:31,29.75,16,卖,1775525551,2907923
09:32:32,29.78,1,卖,1775525552,2918684
09:32:32,29.78,7,卖,1775525552,2918683
09:32:32,29.78,11,卖,1775525552,2918682
09:32:32,29.80,22,买,1775525552,2918273
09:32:33,29.71,1,买,1775525553,2933122
09:32:33,29.72,4,卖,1775525553,2931768
09:32:33,29.77,2,卖,1775525553,2931555
09:32:34,29.65,3,买,1775525554,2945298
09:32:34,29.68,1,买,1775525554,2944447
09:32:34,29.68,11,卖,1775525554,2944237
09:32:34,29.70,21,卖,1775525554,2937001
09:32:34,29.71,2,卖,1775525554,2936895
09:32:34,29.68,11,卖,1775525554,2936508
09:32:35,29.69,1,买,1775525555,2951994
09:32:35,29.65,1,买,1775525555,2951782
09:32:35,29.68,1,买,1775525555,2948828
09:32:35,29.75,3,买,1775525555,2948161
09:32:36,29.72,1,卖,1775525556,2963166
09:32:38,29.65,2,买,1775525558,2981097
09:32:38,29.63,1,买,1775525558,2980644
09:32:38,29.50,10,买,1775525558,2975487
09:32:39,29.72,5,卖,1775525559,2991695
09:32:39,29.72,1,卖,1775525559,2991460
09:32:40,29.72,8,卖,1775525560,2993702
09:32:41,29.65,2,买,1775525561,3006456
09:32:43,29.77,5,卖,1775525563,3025368
09:32:44,29.60,1,卖,1775525564,3037286
09:32:45,29.69,1,卖,1775525565,3046069
09:32:47,29.65,10,买,1775525567,3065261
09:32:47,27.00,3,买,1775525567,3062787
09:32:48,29.69,2,卖,1775525568,3073986
09:32:49,29.69,8,卖,1775525569,3077268
09:32:50,29.61,5,买,1775525570,3090572
09:32:51,29.60,5,买,1775525571,3098710
09:32:52,29.69,2,卖,1775525572,3111362
09:32:53,29.65,17,卖,1775525573,3117453
09:32:53,29.65,2,买,1775525573,3116438
09:32:54,29.68,2,卖,1775525574,3128804
09:32:55,29.65,1,买,1775525575,3132171
09:32:58,29.61,7,卖,1775525578,3156625
09:32:59,29.50,3,买,1775525579,3171227
09:32:59,29.00,3,买,1775525579,3170261
09:33:00,29.60,1,买,1775525580,3182224
09:33:00,29.68,3,卖,1775525580,3182013
09:33:00,29.64,1,买,1775525580,3181681
09:33:00,29.64,1,买,1775525580,3181602
09:33:00,29.64,1,买,1775525580,3181351
09:33:00,29.64,1,买,1775525580,3181349
09:33:00,29.64,4,卖,1775525580,3181251
09:33:02,29.56,4,买,1775525582,3202455
09:33:02,29.60,10,买,1775525582,3200162
09:33:03,29.61,3,买,1775525583,3209532
09:33:04,29.68,1,卖,1775525584,3221917
09:33:04,29.68,2,买,1775525584,3221554
09:33:05,29.63,3,买,1775525585,3246594
09:33:05,29.63,3,买,1775525585,3246201
09:33:06,29.64,3,买,1775525586,3251522
09:33:06,29.64,5,买,1775525586,3251519
09:33:06,29.64,1,买,1775525586,3251518
09:33:06,29.64,1,买,1775525586,3251517
09:33:06,29.64,4,买,1775525586,3251514
09:33:06,29.64,3,买,1775525586,3251513
09:33:06,29.64,2,买,1775525586,3251510
09:33:06,29.64,6,买,1775525586,3251509
09:33:06,29.64,1,买,1775525586,3251508
09:33:06,29.64,4,买,1775525586,3251506
09:33:06,29.64,1,卖,1775525586,3251397
09:33:06,29.50,10,买,1775525586,3248735
09:33:08,29.33,3,买,1775525588,3281567
09:33:08,29.68,9,买,1775525588,3281478
09:33:08,29.68,2,买,1775525588,3281419
09:33:09,29.60,2,买,1775525589,3287536
09:33:10,29.58,20,买,1775525590,3293855
09:33:14,29.68,4,卖,1775525594,3333448
09:33:14,29.68,30,卖,1775525594,3330105
09:33:14,29.68,1,卖,1775525594,3329640
09:33:14,29.68,1,卖,1775525594,3329522
09:33:14,29.68,5,卖,1775525594,3329520
09:33:15,29.68,1,卖,1775525595,3343151
09:33:15,29.66,1,买,1775525595,3342762
09:33:15,29.66,2,卖,1775525595,3342531
09:33:15,29.65,2,买,1775525595,3339378
09:33:15,29.64,1,买,1775525595,3338039
09:33:16,29.68,7,卖,1775525596,3344826
09:33:17,29.65,5,卖,1775525597,3351774
09:33:17,29.65,35,卖,1775525597,3351424
09:33:19,29.64,18,卖,1775525599,3374200
09:33:19,29.64,31,卖,1775525599,3370245
09:33:19,29.62,5,卖,1775525599,3370027
09:33:20,29.64,1,卖,1775525600,3381050
09:33:20,29.64,1,卖,1775525600,3380915
09:33:20,29.64,4,买,1775525600,3379764
09:33:20,29.64,1,买,1775525600,3379710
09:33:20,29.65,10,买,1775525600,3379177
09:33:21,29.63,2,卖,1775525601,3391156
09:33:21,29.63,6,卖,1775525601,3390029
09:33:21,29.63,7,卖,1775525601,3390023
09:33:21,29.63,1,卖,1775525601,3390020
09:33:21,29.63,7,卖,1775525601,3390019
09:33:21,29.63,4,卖,1775525601,3389802
09:33:21,29.63,1,卖,1775525601,3389365
09:33:21,29.61,40,买,1775525601,3385551
09:33:22,29.63,4,卖,1775525602,3399059
09:33:22,29.63,3,卖,1775525602,3398758
09:33:22,29.61,8,卖,1775525602,3397252
09:33:22,29.61,5,卖,1775525602,3397250
09:33:22,29.63,2,卖,1775525602,3397157
09:33:22,29.61,5,卖,1775525602,3397023
09:33:22,29.61,9,卖,1775525602,3397017
09:33:22,29.61,2,卖,1775525602,3397015
09:33:22,29.61,4,卖,1775525602,3397010
09:33:22,29.62,5,卖,1775525602,3396882
09:33:22,29.62,5,卖,1775525602,3396737
09:33:22,29.63,3,卖,1775525602,3396588
09:33:22,29.62,4,买,1775525602,3396442
09:33:22,29.63,2,卖,1775525602,3396371
09:33:22,29.64,7,买,1775525602,3395079
09:33:22,29.63,24,卖,1775525602,3393479
09:33:22,29.63,1,卖,1775525602,3392913
09:33:23,29.63,1,买,1775525603,3403849
09:33:24,29.62,3,卖,1775525604,3416769
09:33:24,29.63,10,卖,1775525604,3416170
09:33:24,29.63,1,卖,1775525604,3415147
09:33:24,29.62,1,卖,1775525604,3414440
09:33:24,29.63,6,买,1775525604,3413958
09:33:24,29.63,5,卖,1775525604,3413570
09:33:24,29.62,1,买,1775525604,3410153
09:33:24,29.62,3,买,1775525604,3409869
09:33:24,29.62,4,买,1775525604,3409543
09:33:25,29.62,1,卖,1775525605,3425062
09:33:25,29.62,1,买,1775525605,3422822
09:33:25,29.62,4,卖,1775525605,3422263
09:33:25,29.62,1,卖,1775525605,3421812
09:33:25,29.62,3,买,1775525605,3421807
09:33:25,29.62,3,卖,1775525605,3421464
09:33:25,29.62,4,卖,1775525605,3421176
09:33:25,29.62,3,卖,1775525605,3421163
09:33:25,29.62,5,买,1775525605,3421105
09:33:25,29.58,19,卖,1775525605,3421020
09:33:25,29.62,3,买,1775525605,3420288
09:33:25,29.62,2,卖,1775525605,3420165
09:33:25,29.62,3,卖,1775525605,3420164
09:33:25,29.62,4,买,1775525605,3419697
09:33:25,29.62,2,卖,1775525605,3419374
09:33:25,29.62,2,卖,1775525605,3419325
09:33:25,29.62,1,买,1775525605,3419125
09:33:25,29.62,3,卖,1775525605,3418410
09:33:25,29.62,3,卖,1775525605,3418407
09:33:25,29.62,1,买,1775525605,3418138
09:33:25,29.62,1,买,1775525605,3418014
09:33:25,29.62,1,买,1775525605,3417692
09:33:25,29.62,1,卖,1775525605,3416990
09:33:26,29.62,4,卖,1775525606,3425768
09:33:27,29.60,2,卖,1775525607,3440011
09:33:27,29.50,1,买,1775525607,3439956
09:33:27,29.60,5,卖,1775525607,3439741
09:33:27,29.62,1,卖,1775525607,3438932
09:33:27,29.62,2,卖,1775525607,3438889
09:33:28,29.65,10,买,1775525608,3447743
09:33:28,29.60,2,卖,1775525608,3447338
09:33:28,29.62,9,卖,1775525608,3446893
09:33:28,29.60,8,卖,1775525608,3446609
09:33:28,29.66,1,买,1775525608,3445519
09:33:28,29.60,3,卖,1775525608,3445025
09:33:28,29.60,2,卖,1775525608,3443988
09:33:28,29.60,2,卖,1775525608,3443862
09:33:28,29.60,2,卖,1775525608,3442994
09:33:28,29.60,3,卖,1775525608,3441612
09:33:28,29.60,2,卖,1775525608,3440490
09:33:29,29.60,2,买,1775525609,3452655
09:33:29,29.60,2,卖,1775525609,3449021
09:33:30,29.58,3,卖,1775525610,3466011
09:33:30,29.62,1,卖,1775525610,3465193
09:33:30,29.58,5,买,1775525610,3464947
09:33:30,29.61,1,卖,1775525610,3464707
09:33:30,29.58,2,卖,1775525610,3464667
09:33:30,29.59,1,卖,1775525610,3464538
09:33:30,29.58,3,卖,1775525610,3464305
09:33:30,28.87,1,买,1775525610,3463741
09:33:31,29.65,2,买,1775525611,3474661
09:33:31,29.58,5,卖,1775525611,3472135
09:33:31,29.65,9,买,1775525611,3472071
09:33:32,29.60,27,买,1775525612,3482311
09:33:32,29.58,3,买,1775525612,3482307
09:33:32,29.58,3,买,1775525612,3482302
09:33:32,29.58,14,买,1775525612,3482298
09:33:32,29.58,6,买,1775525612,3482296
09:33:32,29.58,1,买,1775525612,3482294
09:33:32,29.58,7,买,1775525612,3482293
09:33:32,29.58,2,买,1775525612,3482292
09:33:32,29.58,2,买,1775525612,3482290
09:33:32,29.58,1,买,1775525612,3482289
09:33:32,29.58,4,买,1775525612,3482288
09:33:32,29.58,24,买,1775525612,3482287
09:33:32,29.58,3,买,1775525612,3482285
09:33:32,29.58,5,买,1775525612,3482284
09:33:32,29.58,27,买,1775525612,3482283
09:33:32,29.58,1,买,1775525612,3482281
09:33:32,29.58,2,买,1775525612,3482280
09:33:32,29.58,3,买,1775525612,3482279
09:33:32,29.58,9,买,1775525612,3482278
09:33:32,29.58,2,买,1775525612,3482277
09:33:32,29.58,11,买,1775525612,3482276
09:33:32,29.58,2,买,1775525612,3482275
09:33:32,29.58,1,买,1775525612,3482274
09:33:32,29.58,5,买,1775525612,3482273
09:33:32,29.58,3,买,1775525612,3482270
09:33:32,29.58,3,买,1775525612,3482269
09:33:32,29.58,3,买,1775525612,3482268
09:33:32,29.58,3,买,1775525612,3482267
09:33:32,29.58,3,买,1775525612,3482266
09:33:32,29.58,3,买,1775525612,3482265
09:33:32,29.58,3,买,1775525612,3482263
09:33:32,29.58,6,买,1775525612,3482261
09:33:32,29.58,2,买,1775525612,3482259
09:33:32,29.58,4,买,1775525612,3482257
09:33:32,29.58,3,买,1775525612,3482255
09:33:32,29.58,3,买,1775525612,3482253
09:33:32,29.58,3,买,1775525612,3482251
09:33:32,29.58,4,买,1775525612,3482249
09:33:32,29.58,46,卖,1775525612,3482224
09:33:32,29.59,7,买,1775525612,3481243
09:33:32,29.66,38,买,1775525612,3481217
09:33:32,29.63,51,买,1775525612,3478505
09:33:33,29.59,2,买,1775525613,3483573
09:33:33,29.59,2,买,1775525613,3482707
09:33:33,29.58,1,买,1775525613,3482423
09:33:33,29.58,1,买,1775525613,3482422
09:33:33,29.58,5,买,1775525613,3482384
09:33:33,29.58,10,买,1775525613,3482383
09:33:33,29.58,2,买,1775525613,3482382
09:33:33,29.58,17,买,1775525613,3482381
09:33:33,29.58,3,买,1775525613,3482351
09:33:33,29.58,3,买,1775525613,3482350
09:33:33,29.58,3,买,1775525613,3482348
09:33:33,29.58,4,买,1775525613,3482344
09:33:33,29.58,1,买,1775525613,3482341
09:33:33,29.58,1,买,1775525613,3482340
09:33:33,29.58,1,买,1775525613,3482339
09:33:33,29.58,2,买,1775525613,3482338
09:33:33,29.58,1,买,1775525613,3482337
09:33:33,29.58,2,买,1775525613,3482336
09:33:33,29.58,3,买,1775525613,3482335
09:33:33,29.58,2,买,1775525613,3482334
09:33:33,29.58,3,买,1775525613,3482330
09:33:33,29.58,2,买,1775525613,3482329
09:33:33,29.58,4,买,1775525613,3482328
09:33:33,29.58,4,买,1775525613,3482326
09:33:33,29.58,1,买,1775525613,3482325
09:33:33,29.58,6,买,1775525613,3482323
09:33:34,29.69,4,买,1775525614,3498576
09:33:34,29.56,15,卖,1775525614,3497926
09:33:35,29.57,2,买,1775525615,3504866
09:33:35,29.58,1,卖,1775525615,3499126
09:33:37,29.69,3,买,1775525617,3520805
09:33:37,29.50,10,买,1775525617,3520703
09:33:39,29.56,3,买,1775525619,3533702
09:33:40,29.59,2,买,1775525620,3547593
09:33:40,29.71,6,买,1775525620,3545715
09:33:40,29.60,1,买,1775525620,3540760
09:33:40,29.58,2,买,1775525620,3539948
09:33:41,29.61,1,买,1775525621,3553057
09:33:41,29.58,2,买,1775525621,3552957
09:33:42,29.59,4,买,1775525622,3561861
09:33:45,29.61,1,买,1775525625,3584347
09:33:45,29.59,10,买,1775525625,3584188
09:33:47,29.68,3,买,1775525627,3602434
09:33:47,29.32,2,买,1775525627,3601923
09:33:47,29.61,1,买,1775525627,3598708
09:33:47,29.50,1,买,1775525627,3598656
09:33:48,29.69,1,买,1775525628,3611157
09:33:48,29.68,28,买,1775525628,3610958
09:33:49,29.32,30,买,1775525629,3618658
09:33:49,29.67,2,卖,1775525629,3615595
09:33:49,29.69,10,买,1775525629,3612813
09:33:49,29.60,1,买,1775525629,3612738
09:33:50,29.30,3,买,1775525630,3626525
09:33:50,29.58,1,买,1775525630,3625366
09:33:52,29.77,1,买,1775525632,3641227
09:33:52,29.51,1,买,1775525632,3637543
09:33:52,29.30,3,买,1775525632,3635803
09:33:54,29.72,1,卖,1775525634,3652919
09:33:57,30.68,1,卖,1775525637,3684067
09:33:58,29.72,4,卖,1775525638,3691666
09:33:58,29.50,1,买,1775525638,3690182
09:33:58,29.68,5,卖,1775525638,3688893
09:33:59,31.00,2,卖,1775525639,3698498
09:34:00,29.68,4,卖,1775525640,3707842
09:34:00,29.72,1,卖,1775525640,3701103
09:34:00,29.72,1,卖,1775525640,3701102
09:34:02,29.61,2,买,1775525642,3726211
09:34:02,31.61,3,卖,1775525642,3725009
09:34:02,29.55,10,买,1775525642,3719969
09:34:02,29.03,5,买,1775525642,3719887
09:34:02,29.72,1,买,1775525642,3718887
09:34:03,29.51,10,买,1775525643,3736047
09:34:03,29.58,2,买,1775525643,3730449
09:34:05,29.60,1,买,1775525645,3751291
09:34:05,29.32,3,买,1775525645,3749272
09:34:06,29.61,1,卖,1775525646,3753041
09:34:08,29.02,20,买,1775525648,3769532
09:34:10,29.60,10,买,1775525650,3787766
09:34:10,29.60,10,买,1775525650,3787242
09:34:10,29.68,4,卖,1775525650,3787059
09:34:10,29.02,5,买,1775525650,3784271
09:34:12,29.68,4,卖,1775525652,3800118
09:34:13,29.61,5,买,1775525653,3802967
09:34:13,29.61,2,买,1775525653,3802966
09:34:13,29.61,2,买,1775525653,3802963
09:34:13,29.61,2,买,1775525653,3802961
09:34:13,29.61,1,买,1775525653,3802958
09:34:13,29.61,1,买,1775525653,3802914
09:34:13,29.61,5,买,1775525653,3802900
09:34:13,29.61,3,买,1775525653,3802893
09:34:13,29.61,2,买,1775525653,3802888
09:34:13,29.61,1,买,1775525653,3802887
09:34:13,29.61,3,买,1775525653,3802886
09:34:13,29.61,5,买,1775525653,3802885
09:34:13,29.61,5,买,1775525653,3802884
09:34:13,29.61,1,买,1775525653,3802883
09:34:13,29.61,2,买,1775525653,3802882
09:34:13,29.61,1,买,1775525653,3802881
09:34:13,29.61,5,买,1775525653,3802880
09:34:13,29.61,1,买,1775525653,3802879
09:34:13,29.61,3,买,1775525653,3802878
09:34:13,29.61,1,买,1775525653,3802877
09:34:13,29.61,3,买,1775525653,3802875
09:34:13,29.61,2,买,1775525653,3802873
09:34:13,29.61,1,买,1775525653,3802871
09:34:13,29.61,6,卖,1775525653,3802779
09:34:15,29.61,1,买,1775525655,3821347
09:34:15,29.68,1,卖,1775525655,3821137
09:34:15,29.52,1,买,1775525655,3817063
09:34:15,29.68,4,卖,1775525655,3815805
09:34:17,29.72,1,卖,1775525657,3835496
09:34:17,29.64,1,买,1775525657,3832925
09:34:18,29.61,2,买,1775525658,3844565
09:34:18,28.80,8,买,1775525658,3839051
09:34:18,29.68,2,卖,1775525658,3837940
09:34:20,29.68,1,卖,1775525660,3858162
09:34:20,27.39,2,买,1775525660,3855509
09:34:20,29.61,3,卖,1775525660,3854542
09:34:21,29.68,3,卖,1775525661,3865551
09:34:22,29.61,1,卖,1775525662,3867230
09:34:24,29.67,3,卖,1775525664,3888674
09:34:24,29.61,5,买,1775525664,3888185
09:34:24,29.61,1,买,1775525664,3888180
09:34:24,29.61,1,卖,1775525664,3888069
09:34:24,29.67,9,卖,1775525664,3885532
09:34:25,29.50,1,买,1775525665,3891311
09:34:27,29.61,1,买,1775525667,3910647
09:34:27,29.61,3,买,1775525667,3910006
09:34:27,29.68,24,买,1775525667,3904962
09:34:27,29.67,12,买,1775525667,3904906
09:34:27,29.66,1,买,1775525667,3904815
09:34:28,29.77,1,买,1775525668,3917647
09:34:28,29.60,1,买,1775525668,3911875
09:34:29,29.71,4,卖,1775525669,3923040
09:34:31,29.50,10,买,1775525671,3942489
09:34:32,29.60,3,买,1775525672,3950151
09:34:32,29.62,60,买,1775525672,3949387
09:34:34,29.66,1,卖,1775525674,3964121
09:34:34,29.66,3,买,1775525674,3959290
09:34:34,29.66,1,买,1775525674,3959289
09:34:34,29.66,6,买,1775525674,3959288
09:34:34,29.66,5,买,1775525674,3959287
09:34:34,29.66,1,买,1775525674,3959284
09:34:34,29.66,3,买,1775525674,3959282
09:34:34,29.66,2,卖,1775525674,3959251
09:34:35,29.60,1,买,1775525675,3967028
09:34:36,29.80,2,卖,1775525676,3971822
09:34:37,29.51,8,买,1775525677,3985334
09:34:37,29.72,10,买,1775525677,3978610
09:34:37,29.72,1,买,1775525677,3978600
09:34:37,29.71,97,买,1775525677,3978586
09:34:38,29.62,1,买,1775525678,3989509
09:34:38,29.50,6,买,1775525678,3988829
09:34:40,29.60,3,买,1775525680,4004969
09:34:41,29.61,12,卖,1775525681,4006136
09:34:41,29.61,5,买,1775525681,4005585
09:34:42,29.77,3,卖,1775525682,4017446
09:34:42,29.76,5,卖,1775525682,4015716
09:34:43,29.60,6,买,1775525683,4023419
09:34:43,29.77,5,卖,1775525683,4023086
09:34:44,29.67,2,买,1775525684,4027400
09:34:44,29.61,1,买,1775525684,4025110
09:34:46,29.74,7,卖,1775525686,4042066
09:34:46,29.74,2,卖,1775525686,4042020
09:34:47,29.73,10,卖,1775525687,4045740
09:34:47,29.61,15,买,1775525687,4045523
09:34:48,29.72,1,买,1775525688,4054468
09:34:48,29.72,1,卖,1775525688,4054241
09:34:48,29.72,7,卖,1775525688,4052861
09:34:48,29.72,9,卖,1775525688,4052208
09:34:48,29.76,1,卖,1775525688,4050123
09:34:48,30.22,1,卖,1775525688,4049904
09:34:49,29.67,4,买,1775525689,4059516
09:34:49,29.67,4,卖,1775525689,4059474
09:34:49,29.67,5,买,1775525689,4059235
09:34:49,29.74,5,卖,1775525689,4059198
09:34:49,29.67,5,卖,1775525689,4059191
09:34:49,29.67,4,买,1775525689,4058803
09:34:49,29.67,4,卖,1775525689,4058778
09:34:49,29.67,3,买,1775525689,4058752
09:34:49,29.67,5,卖,1775525689,4058701
09:34:51,29.50,1,买,1775525691,4070849
09:34:51,29.63,2,买,1775525691,4070386
09:34:51,29.63,87,买,1775525691,4068982
09:34:52,29.63,4,卖,1775525692,4075382
09:34:52,29.63,4,卖,1775525692,4075160
09:34:55,29.77,1,买,1775525695,4101253
09:34:55,28.30,8,买,1775525695,4097488
09:34:56,29.71,2,卖,1775525696,4108383
09:34:57,29.71,2,卖,1775525697,4109246
09:34:58,29.56,1,买,1775525698,4122882
09:34:58,29.64,10,买,1775525698,4120243
09:34:58,29.71,4,卖,1775525698,4120069
09:34:59,29.62,2,买,1775525699,4126359
09:35:01,29.63,1,买,1775525701,4145591
09:35:07,29.65,1,买,1775525707,4190831
09:35:08,29.64,4,买,1775525708,4198126
09:35:09,29.70,3,买,1775525709,4208248
09:35:09,29.71,1,买,1775525709,4201357
09:35:10,29.71,5,买,1775525710,4214537
09:35:11,28.68,22,买,1775525711,4219960
09:35:13,28.10,2,买,1775525713,4236906
09:35:13,31.97,10,卖,1775525713,4232373
09:35:15,29.71,2,卖,1775525715,4252567
09:35:15,29.71,4,卖,1775525715,4252354
09:35:15,29.61,1,买,1775525715,4249754
09:35:16,29.65,5,买,1775525716,4262772
09:35:17,30.48,15,卖,1775525717,4265106
09:35:18,29.70,1,卖,1775525718,4277734
09:35:18,29.69,1,卖,1775525718,4276900
09:35:18,29.70,9,卖,1775525718,4275695
09:35:18,29.70,7,卖,1775525718,4275295
09:35:20,29.61,6,卖,1775525720,4290173
09:35:22,29.74,1,买,1775525722,4305958
09:35:22,29.64,5,卖,1775525722,4300789
09:35:23,29.68,1,卖,1775525723,4312778
09:35:25,29.67,1,卖,1775525725,4325135
09:35:28,29.64,1,卖,1775525728,4346223
09:35:30,29.69,10,买,1775525730,4357285
09:35:30,29.65,6,买,1775525730,4355754
09:35:31,29.69,4,卖,1775525731,4364806
09:35:31,29.69,5,卖,1775525731,4364788
09:35:31,29.69,4,卖,1775525731,4364754
09:35:31,29.56,10,买,1775525731,4363475
09:35:33,29.69,1,卖,1775525733,4380857
09:35:33,29.66,1,卖,1775525733,4380273
09:35:33,29.69,2,卖,1775525733,4375019
09:35:34,29.69,82,买,1775525734,4388268
09:35:34,29.74,1,买,1775525734,4386739
09:35:34,29.65,4,卖,1775525734,4382349
09:35:34,29.69,1,买,1775525734,4381940
09:35:36,29.65,1,买,1775525736,4401020
09:35:37,29.70,1,买,1775525737,4407628
09:35:37,29.70,10,买,1775525737,4407600
09:35:37,29.69,17,卖,1775525737,4406317
09:35:38,29.70,15,卖,1775525738,4410916
09:35:39,29.68,1,卖,1775525739,4419514
09:35:39,29.68,3,卖,1775525739,4419483
09:35:40,29.75,2,买,1775525740,4425804
09:35:40,29.69,1,卖,1775525740,4424279
09:35:40,29.69,10,卖,1775525740,4424252
09:35:40,29.69,2,卖,1775525740,4424095
09:35:41,29.69,5,卖,1775525741,4432502
09:35:41,29.69,3,卖,1775525741,4432459
09:35:42,29.70,1,卖,1775525742,4440095
09:35:42,29.68,1,卖,1775525742,4439867
09:35:42,29.68,1,卖,1775525742,4439861
09:35:42,29.68,1,卖,1775525742,4439718
09:35:42,29.69,5,卖,1775525742,4437390
09:35:42,29.70,2,买,1775525742,4435884
09:35:43,29.75,1,买,1775525743,4446268
09:35:43,29.69,2,卖,1775525743,4444375
09:35:44,29.63,3,买,1775525744,4453406
09:35:45,29.60,10,买,1775525745,4458607
09:35:46,29.75,1,买,1775525746,4472370
09:35:46,29.69,5,卖,1775525746,4471123
09:35:47,29.70,5,卖,1775525747,4475771
09:35:48,29.70,1,买,1775525748,4485495
09:35:51,29.70,3,卖,1775525751,4508287
09:35:51,29.64,3,买,1775525751,4507029
09:35:52,29.70,5,买,1775525752,4515929
09:35:52,32.92,23,卖,1775525752,4509768
09:35:54,29.62,1,买,1775525754,4526500
09:35:57,29.69,3,卖,1775525757,4549664
09:35:57,31.00,50,卖,1775525757,4546604
09:35:58,29.69,3,卖,1775525758,4557302
09:35:58,29.69,3,卖,1775525758,4556460
09:35:58,29.69,2,卖,1775525758,4553577
09:35:59,29.57,3,买,1775525759,4562735
09:36:00,29.65,2,买,1775525760,4572967
09:36:00,29.65,3,卖,1775525760,4572900
09:36:00,29.65,2,卖,1775525760,4572825
09:36:00,29.69,1,卖,1775525760,4572298
09:36:00,29.69,10,卖,1775525760,4569186
09:36:00,29.69,3,卖,1775525760,4566452
09:36:00,29.69,2,卖,1775525760,4566450
09:36:00,29.69,3,卖,1775525760,4566447
09:36:01,29.74,1,买,1775525761,4579958
09:36:01,29.40,10,买,1775525761,4577194
09:36:02,29.70,10,买,1775525762,4582190
09:36:03,29.65,1,买,1775525763,4595530
09:36:03,29.69,1,卖,1775525763,4595466
09:36:04,29.74,1,买,1775525764,4601467
09:36:07,29.56,2,买,1775525767,4619042
09:36:08,29.69,2,卖,1775525768,4627870
09:36:09,29.63,1,卖,1775525769,4638544
09:36:10,29.69,1,卖,1775525770,4639104
09:36:11,29.69,2,卖,1775525771,4648468
09:36:11,29.69,1,卖,1775525771,4648125
09:36:11,29.69,1,卖,1775525771,4648123
09:36:11,29.69,7,卖,1775525771,4648099
09:36:11,29.69,1,卖,1775525771,4648075
09:36:11,29.69,1,卖,1775525771,4648071
09:36:11,29.69,14,买,1775525771,4648042
09:36:12,29.69,2,卖,1775525772,4659547
09:36:12,29.52,50,买,1775525772,4655959
09:36:13,30.00,17,卖,1775525773,4668431
09:36:13,29.68,10,买,1775525773,4664315
09:36:13,29.72,2,卖,1775525773,4662947
09:36:14,29.63,2,买,1775525774,4673190
09:36:14,29.65,11,买,1775525774,4671241
09:36:14,29.65,21,卖,1775525774,4671218
09:36:15,29.60,1,买,1775525775,4676873
09:36:16,29.65,1,买,1775525776,4689336
09:36:16,29.74,1,买,1775525776,4689314
09:36:17,29.10,1,买,1775525777,4692359
09:36:18,29.70,14,买,1775525778,4704682
09:36:18,29.64,3,买,1775525778,4704677
09:36:18,29.64,4,买,1775525778,4704605
09:36:18,29.64,1,买,1775525778,4704590
09:36:18,29.64,1,买,1775525778,4704586
09:36:18,29.64,2,买,1775525778,4704584
09:36:18,29.64,2,买,1775525778,4704582
09:36:18,29.64,1,买,1775525778,4704580
09:36:18,29.64,13,卖,1775525778,4704448
09:36:18,29.64,1,买,1775525778,4704342
09:36:21,29.70,5,卖,1775525781,4724944
09:36:22,29.70,2,卖,1775525782,4732616
09:36:22,29.70,1,卖,1775525782,4730845
09:36:24,29.70,1,卖,1775525784,4748255
09:36:24,29.64,4,买,1775525784,4745219
09:36:24,31.50,50,卖,1775525784,4741857
09:36:25,29.75,1,买,1775525785,4755869
09:36:25,29.69,1,卖,1775525785,4753656
09:36:31,29.60,1,买,1775525791,4798432
09:36:32,29.70,27,卖,1775525792,4804580
09:36:33,29.69,5,卖,1775525793,4810583
09:36:34,29.60,2,买,1775525794,4815915
09:36:36,29.68,3,卖,1775525796,4831947
09:36:36,29.65,1,买,1775525796,4826281
09:36:36,29.64,1,卖,1775525796,4826143
09:36:41,32.00,50,卖,1775525801,4867651
09:36:41,28.80,2,买,1775525801,4863061
09:36:46,29.65,30,买,1775525806,4898996
09:36:48,29.63,4,买,1775525808,4920175
09:36:48,29.65,1,买,1775525808,4920173
09:36:48,29.68,3,卖,1775525808,4919183
09:36:48,29.63,6,买,1775525808,4914421
09:36:48,29.65,1,买,1775525808,4914416
09:36:52,29.73,2,买,1775525812,4953059
09:36:52,29.73,4,卖,1775525812,4952947
09:36:52,29.73,21,买,1775525812,4952814
09:36:52,29.73,21,买,1775525812,4952809
09:36:52,29.73,1,买,1775525812,4952782
09:36:52,29.73,3,买,1775525812,4952780
09:36:52,29.73,2,买,1775525812,4952748
09:36:52,29.73,15,卖,1775525812,4951871
09:36:52,29.70,1,买,1775525812,4951733
09:36:52,29.71,35,买,1775525812,4951697
09:36:52,29.70,3,买,1775525812,4951694
09:36:52,29.70,3,买,1775525812,4951693
09:36:52,29.70,6,买,1775525812,4951690
09:36:52,29.70,11,买,1775525812,4951687
09:36:52,29.70,1,买,1775525812,4951683
09:36:52,29.70,3,买,1775525812,4951666
09:36:52,29.70,4,买,1775525812,4951664
09:36:52,29.74,10,买,1775525812,4951658
09:36:52,29.70,6,买,1775525812,4951657
09:36:52,29.70,1,买,1775525812,4951655
09:36:52,29.70,1,买,1775525812,4951648
09:36:52,29.70,4,买,1775525812,4951625
09:36:52,29.70,29,买,1775525812,4951580
09:36:52,29.69,5,买,1775525812,4951558
09:36:52,29.68,102,买,1775525812,4951482
09:36:53,29.74,3,买,1775525813,4959066
09:36:53,29.74,1,买,1775525813,4958876
09:36:53,29.62,10,买,1775525813,4958823
09:36:54,29.74,1,买,1775525814,4970649
09:36:54,29.74,1,买,1775525814,4970291
09:36:54,29.74,1,买,1775525814,4970206
09:36:54,29.74,1,买,1775525814,4969662
09:36:54,29.74,1,买,1775525814,4969646
09:36:54,29.70,1,买,1775525814,4963538
09:36:54,29.71,1,买,1775525814,4963528
09:36:54,29.73,1,买,1775525814,4963521
09:36:54,29.71,1,买,1775525814,4963029
09:36:54,29.73,1,买,1775525814,4963028
09:36:54,29.70,1,买,1775525814,4962961
09:36:55,29.79,2,买,1775525815,4977107
09:36:55,29.74,1,买,1775525815,4976662
09:36:57,29.64,10,买,1775525817,4993214
09:36:57,29.79,1,买,1775525817,4986958
09:36:57,29.79,1,买,1775525817,4986575
09:36:58,29.82,1,买,1775525818,4999549
09:37:01,31.20,20,卖,1775525821,5016086
09:37:03,29.77,1,买,1775525823,5036173
09:37:03,28.30,2,买,1775525823,5035289
09:37:03,29.74,1,买,1775525823,5032445
09:37:07,29.76,6,卖,1775525827,5073786
09:37:07,29.65,7,卖,1775525827,5073663
09:37:09,29.75,3,卖,1775525829,5086691
09:37:09,29.75,6,卖,1775525829,5084885
09:37:09,29.75,6,卖,1775525829,5084675
09:37:09,29.64,15,买,1775525829,5082555
09:37:10,29.52,1,买,1775525830,5094066
09:37:12,29.73,3,卖,1775525832,5107070
09:37:14,29.74,6,卖,1775525834,5116977
09:37:14,29.74,1,卖,1775525834,5116793
09:37:15,29.74,1,卖,1775525835,5130910
09:37:15,29.88,2,卖,1775525835,5128593
09:37:15,30.88,20,卖,1775525835,5127615
09:37:15,29.68,5,买,1775525835,5124618
09:37:15,29.69,2,买,1775525835,5124536
09:37:16,29.73,1,卖,1775525836,5138763
09:37:18,29.69,1,买,1775525838,5147216
09:37:19,29.70,10,买,1775525839,5159465
09:37:20,29.66,1,买,1775525840,5166046
09:37:20,29.55,4,买,1775525840,5163536
09:37:23,29.69,1,买,1775525843,5186222
09:37:27,29.72,1,卖,1775525847,5212590
09:37:28,29.70,20,买,1775525848,5227040
09:37:28,29.73,4,买,1775525848,5222515
09:37:29,29.69,10,买,1775525849,5228457
09:37:31,29.73,1,卖,1775525851,5250134
09:37:31,29.73,2,卖,1775525851,5248697
09:37:31,29.73,2,卖,1775525851,5248696
09:37:31,29.73,3,卖,1775525851,5248582
09:37:31,29.73,2,卖,1775525851,5248466
09:37:31,29.73,2,卖,1775525851,5248432
09:37:31,29.69,1,买,1775525851,5245567
09:37:32,30.70,10,卖,1775525852,5257171
09:37:33,29.73,3,卖,1775525853,5267880
09:37:33,29.72,2,卖,1775525853,5267778
09:37:33,29.42,3,买,1775525853,5267540
09:37:33,29.00,5,买,1775525853,5265321
09:37:33,29.72,9,卖,1775525853,5264795
09:37:33,29.69,1,买,1775525853,5262147
09:37:35,29.62,6,买,1775525855,5280154
09:37:39,29.71,3,卖,1775525859,5314816
09:37:39,29.69,1,卖,1775525859,5312618
09:37:41,29.71,1,卖,1775525861,5330650
09:37:42,29.71,1,卖,1775525862,5339579
09:37:42,29.71,1,卖,1775525862,5339435
09:37:42,29.71,1,卖,1775525862,5339108
09:37:43,29.70,3,卖,1775525863,5347377
09:37:43,29.70,2,卖,1775525863,5343938
09:37:43,29.70,4,卖,1775525863,5343730
09:37:43,29.70,7,卖,1775525863,5343723
09:37:43,29.70,6,卖,1775525863,5343722
09:37:43,29.70,1,卖,1775525863,5343721
09:37:43,29.70,6,卖,1775525863,5343720
09:37:43,29.70,3,卖,1775525863,5343719
09:37:43,29.70,2,卖,1775525863,5343718
09:37:43,29.70,5,卖,1775525863,5343717
09:37:43,29.70,9,卖,1775525863,5343716
09:37:43,29.70,9,卖,1775525863,5343714
09:37:43,29.70,2,卖,1775525863,5343628
09:37:43,29.70,14,卖,1775525863,5343627
09:37:43,29.70,3,卖,1775525863,5343626
09:37:43,29.70,2,卖,1775525863,5343625
09:37:43,29.70,17,卖,1775525863,5343624
09:37:43,29.70,2,卖,1775525863,5343623
09:37:43,29.70,2,卖,1775525863,5343615
09:37:43,29.70,9,卖,1775525863,5343613
09:37:43,29.70,5,卖,1775525863,5343611
09:37:43,29.70,19,卖,1775525863,5343608
09:37:43,29.70,2,卖,1775525863,5343528
09:37:43,29.70,2,卖,1775525863,5343487
09:37:44,29.70,3,卖,1775525864,5353589
09:37:44,29.70,1,卖,1775525864,5353588
09:37:44,29.70,2,卖,1775525864,5351140
09:37:44,29.70,1,卖,1775525864,5350193
09:37:45,29.72,3,买,1775525865,5360876
09:37:46,29.75,1,买,1775525866,5368203
09:37:46,29.70,1,卖,1775525866,5362913
09:37:47,29.69,3,卖,1775525867,5374272
09:37:47,32.52,6,卖,1775525867,5369834
09:37:48,29.69,6,卖,1775525868,5380297
09:37:48,29.60,17,买,1775525868,5378395
09:37:48,29.69,1,买,1775525868,5376401
09:37:49,29.45,3,买,1775525869,5388140
09:37:50,29.60,10,买,1775525870,5393018
09:37:51,29.69,5,卖,1775525871,5401860
09:37:52,29.75,1,买,1775525872,5411054
09:37:52,29.69,3,卖,1775525872,5409329
09:37:54,29.70,1,卖,1775525874,5428612
09:37:54,29.70,1,卖,1775525874,5427778
09:37:54,29.00,4,买,1775525874,5424644
09:37:55,29.70,3,买,1775525875,5434328
09:37:55,29.69,6,卖,1775525875,5433798
09:37:59,29.69,3,买,1775525879,5467744
09:38:05,30.50,1,卖,1775525885,5515889
09:38:06,29.70,1,买,1775525886,5516115
09:38:06,29.68,1,卖,1775525886,5516063
09:38:12,29.69,6,卖,1775525892,5560597
09:38:14,29.69,1,买,1775525894,5569394
09:38:15,29.70,3,卖,1775525895,5578745
09:38:15,29.69,2,卖,1775525895,5578168
09:38:15,29.70,1,卖,1775525895,5577757
09:38:15,29.68,5,卖,1775525895,5577612
09:38:24,29.43,3,买,1775525904,5631163
09:38:25,29.69,6,卖,1775525905,5640841
09:38:26,30.68,1,卖,1775525906,5645215
09:38:28,29.68,1,卖,1775525908,5659328
09:38:29,29.68,1,卖,1775525909,5667426
09:38:30,29.68,5,卖,1775525910,5672817
09:38:31,29.66,1,卖,1775525911,5682829
09:38:31,29.67,13,卖,1775525911,5682802
09:38:31,29.67,10,卖,1775525911,5682799
09:38:31,29.68,2,卖,1775525911,5682280
09:38:31,29.68,1,卖,1775525911,5682066
09:38:31,29.68,10,卖,1775525911,5682065
09:38:31,29.68,6,卖,1775525911,5682064
09:38:31,29.68,7,卖,1775525911,5682063
09:38:31,29.68,1,卖,1775525911,5682059
09:38:31,29.68,3,卖,1775525911,5682058
09:38:31,29.68,2,卖,1775525911,5682057
09:38:31,29.68,1,卖,1775525911,5682056
09:38:31,29.68,1,卖,1775525911,5682053
09:38:31,29.68,2,卖,1775525911,5682040
09:38:31,29.68,5,卖,1775525911,5682039
09:38:31,29.68,3,卖,1775525911,5682038
09:38:31,29.68,14,卖,1775525911,5682035
09:38:31,29.68,24,卖,1775525911,5682033
09:38:31,29.68,2,卖,1775525911,5682031
09:38:31,29.68,4,卖,1775525911,5682029
09:38:31,29.68,3,卖,1775525911,5682027
09:38:31,29.68,2,卖,1775525911,5682025
09:38:31,29.68,8,卖,1775525911,5682023
09:38:31,29.68,6,卖,1775525911,5682021
09:38:31,29.68,2,卖,1775525911,5682016
09:38:31,29.68,5,卖,1775525911,5681979
09:38:31,29.68,17,卖,1775525911,5681975
09:38:31,29.68,2,卖,1775525911,5681973
09:38:31,29.68,3,卖,1775525911,5681949
09:38:32,29.68,1,卖,1775525912,5687388
09:38:33,29.66,10,卖,1775525913,5694739
09:38:33,29.65,1,卖,1775525913,5694613
09:38:33,29.68,37,卖,1775525913,5694502
09:38:33,29.68,4,卖,1775525913,5694423
09:38:33,29.67,3,卖,1775525913,5694389
09:38:33,29.65,1,卖,1775525913,5694046
09:38:33,29.66,2,卖,1775525913,5693951
09:38:33,29.68,4,卖,1775525913,5693888
09:38:34,29.65,1,卖,1775525914,5700744
09:38:34,29.65,4,卖,1775525914,5700707
09:38:34,29.65,5,卖,1775525914,5700676
09:38:34,29.65,3,卖,1775525914,5700025
09:38:35,29.65,1,卖,1775525915,5705907
09:38:35,29.65,3,卖,1775525915,5701552
09:38:36,29.64,1,买,1775525916,5707732
09:38:37,29.71,1,买,1775525917,5717594
09:38:38,29.65,2,卖,1775525918,5721525
09:38:38,29.65,1,卖,1775525918,5721501
09:38:41,29.08,5,买,1775525921,5742908
09:38:41,29.66,1,卖,1775525921,5740466
09:38:42,28.63,2,买,1775525922,5748448
09:38:45,29.66,3,买,1775525925,5766817
09:38:45,29.65,1,卖,1775525925,5763309
09:38:45,29.71,6,卖,1775525925,5763251
09:38:46,29.65,1,卖,1775525926,5772571
09:38:46,29.65,11,卖,1775525926,5772561
09:38:46,29.65,4,卖,1775525926,5772557
09:38:46,29.65,2,卖,1775525926,5772394
09:38:46,29.65,2,卖,1775525926,5772365
09:38:46,30.50,1,卖,1775525926,5768942
09:38:48,29.65,1,卖,1775525928,5783046
09:38:49,29.64,1,卖,1775525929,5788747
09:38:51,29.64,1,卖,1775525931,5799209
09:38:51,29.64,5,卖,1775525931,5798478
09:38:52,29.64,20,卖,1775525932,5806947
09:38:52,29.64,2,卖,1775525932,5806775
09:38:52,29.64,2,卖,1775525932,5806745
09:38:52,29.66,2,买,1775525932,5806265
09:38:52,29.65,1,买,1775525932,5804567
09:38:54,29.64,2,卖,1775525934,5817552
09:38:54,29.62,1,买,1775525934,5813937
09:38:54,29.64,1,买,1775525934,5813913
09:38:57,29.64,1,卖,1775525937,5835859
09:38:57,29.61,1,买,1775525937,5830764
09:38:57,29.61,1,买,1775525937,5830697
09:38:57,29.62,1,买,1775525937,5830542
09:38:58,29.64,1,卖,1775525938,5837533
09:38:59,31.22,20,卖,1775525939,5843134
09:39:01,29.56,5,买,1775525941,5861564
09:39:04,29.63,10,买,1775525944,5885774
09:39:07,29.64,1,买,1775525947,5918102
09:39:07,29.00,2,买,1775525947,5913750
09:39:13,31.33,20,卖,1775525953,5952164
09:39:15,29.64,4,买,1775525955,5964774
09:39:17,29.63,7,卖,1775525957,5985222
09:39:18,29.64,5,卖,1775525958,5995306
09:39:18,29.65,4,买,1775525958,5994666
09:39:25,31.44,20,卖,1775525965,6047807
09:39:26,29.51,10,买,1775525966,6053753
09:39:28,29.64,3,买,1775525968,6064483
09:39:28,29.64,3,买,1775525968,6064450
09:39:29,30.21,3,卖,1775525969,6078739
09:39:31,29.65,1,买,1775525971,6088811
09:39:33,29.65,1,买,1775525973,6105704
09:39:34,29.59,2,买,1775525974,6114957
09:39:35,29.65,1,买,1775525975,6120959
09:39:35,26.94,2,买,1775525975,6120234
09:39:36,31.52,20,卖,1775525976,6123005
09:39:37,29.64,1,买,1775525977,6134640
09:39:38,29.64,10,买,1775525978,6136109
09:39:39,29.64,1,买,1775525979,6141236
09:39:40,29.65,1,买,1775525980,6149658
09:39:46,29.64,12,卖,1775525986,6180705
09:39:48,29.64,10,卖,1775525988,6194880
09:39:48,29.66,2,卖,1775525988,6194493
09:39:48,29.63,7,卖,1775525988,6194059
09:39:59,29.64,2,买,1775525999,6251273
09:40:04,29.65,9,卖,1775526004,6285799
09:40:07,29.61,1,卖,1775526007,6301324
09:40:08,29.50,2,买,1775526008,6309571
09:40:12,29.62,5,买,1775526012,6331911
09:40:15,29.63,3,卖,1775526015,6353670
09:40:17,29.63,1,买,1775526017,6369618
09:40:18,29.63,1,买,1775526018,6374530
09:40:19,29.64,2,买,1775526019,6380391
09:40:21,29.63,1,买,1775526021,6398815
09:40:24,29.85,6,买,1775526024,6419055
09:40:25,29.63,2,买,1775526025,6427556
09:40:28,29.65,6,卖,1775526028,6443812
09:40:30,29.63,10,买,1775526030,6458544
09:40:31,29.63,2,买,1775526031,6461258
09:40:35,29.62,12,买,1775526035,6484908
09:40:36,29.63,1,卖,1775526036,6487969
09:40:38,29.64,3,买,1775526038,6501877
09:40:44,29.65,2,卖,1775526044,6536646
09:40:44,29.64,1,买,1775526044,6536307
09:40:44,29.64,1,买,1775526044,6536305
09:40:44,29.64,4,卖,1775526044,6536286
09:40:45,29.63,50,买,1775526045,6542539
09:40:45,29.63,4,买,1775526045,6539461
09:40:46,29.66,2,买,1775526046,6546409
09:40:46,29.66,1,买,1775526046,6546406
09:40:46,29.66,2,买,1775526046,6546405
09:40:46,29.66,1,买,1775526046,6546404
09:40:46,29.66,2,买,1775526046,6546403
09:40:46,29.66,3,买,1775526046,6546400
09:40:46,29.66,6,买,1775526046,6546396
09:40:46,29.65,20,买,1775526046,6546372
09:40:49,29.58,2,买,1775526049,6562475
09:40:52,29.64,5,卖,1775526052,6579573
09:40:54,29.67,1,买,1775526054,6592000
09:40:56,29.66,1,买,1775526056,6602104
09:40:56,29.66,3,卖,1775526056,6602084
09:40:56,29.60,5,买,1775526056,6599581
09:40:57,29.65,1,卖,1775526057,6607479
09:41:00,29.66,9,卖,1775526060,6622516
09:41:05,29.80,5,买,1775526065,6654146
09:41:05,29.18,5,买,1775526065,6650974
09:41:06,29.65,1,卖,1775526066,6658976
09:41:08,29.66,1,买,1775526068,6671178
09:41:10,29.73,12,买,1775526070,6686060
09:41:10,29.70,7,买,1775526070,6686028
09:41:10,29.71,7,买,1775526070,6686023
09:41:10,29.65,2,买,1775526070,6685955
09:41:10,29.69,2,买,1775526070,6685904
09:41:10,29.65,2,买,1775526070,6685840
09:41:10,29.68,2,买,1775526070,6685530
09:41:10,29.67,25,买,1775526070,6685468
09:41:10,29.65,2,买,1775526070,6685420
09:41:10,29.66,3,买,1775526070,6684845
09:41:10,29.65,2,买,1775526070,6684805
09:41:10,29.65,2,买,1775526070,6684721
09:41:10,29.65,2,买,1775526070,6684522
09:41:10,29.65,2,买,1775526070,6684067
09:41:10,29.65,2,买,1775526070,6683539
09:41:10,29.65,1,买,1775526070,6683452
09:41:10,29.65,2,买,1775526070,6683435
09:41:11,31.00,20,卖,1775526071,6692219
09:41:14,29.47,6,买,1775526074,6708502
09:41:15,29.64,4,买,1775526075,6719971
09:41:15,29.71,1,买,1775526075,6718699
09:41:15,29.63,4,买,1775526075,6714289
09:41:15,29.65,1,买,1775526075,6714281
09:41:23,29.73,1,卖,1775526083,6772925
09:41:24,29.73,1,卖,1775526084,6778528
09:41:25,29.73,5,买,1775526085,6781246
09:41:27,29.73,3,卖,1775526087,6796589
09:41:27,29.64,10,买,1775526087,6793702
09:41:28,29.67,7,买,1775526088,6800299
09:41:28,29.66,9,买,1775526088,6800284
09:41:28,29.67,6,买,1775526088,6800283
09:41:28,29.71,1,卖,1775526088,6800191
09:41:30,29.73,1,卖,1775526090,6817034
09:41:30,29.73,1,卖,1775526090,6816539
09:41:30,30.00,9,卖,1775526090,6816054
09:41:30,29.66,1,买,1775526090,6812883
09:41:33,29.71,1,买,1775526093,6838676
09:41:33,29.71,1,卖,1775526093,6838642
09:41:33,29.66,2,买,1775526093,6834472
09:41:37,29.68,1,买,1775526097,6864728
09:41:39,29.67,1,买,1775526099,6879316
09:41:41,29.75,3,买,1775526101,6894713
09:41:41,29.74,1,买,1775526101,6894685
09:41:41,29.73,1,买,1775526101,6894679
09:41:41,29.73,4,买,1775526101,6894678
09:41:41,29.73,2,买,1775526101,6894669
09:41:41,29.73,3,买,1775526101,6894660
09:41:41,29.73,2,买,1775526101,6894657
09:41:41,29.66,3,买,1775526101,6894604
09:41:41,29.73,1,买,1775526101,6893495
09:41:42,29.77,1,卖,1775526102,6905536
09:41:44,29.72,1,卖,1775526104,6923998
09:41:46,29.73,59,买,1775526106,6939336
09:41:46,29.72,1,卖,1775526106,6933837
09:41:49,29.77,2,买,1775526109,6959169
09:41:49,29.77,1,买,1775526109,6958803
09:41:49,29.77,2,买,1775526109,6958676
09:41:49,29.77,2,买,1775526109,6958645
09:41:49,29.77,2,买,1775526109,6958325
09:41:49,29.77,2,买,1775526109,6958139
09:41:49,29.77,2,买,1775526109,6957435
09:41:49,29.77,2,买,1775526109,6957236
09:41:50,29.63,4,买,1775526110,6964528
09:41:51,29.81,1,卖,1775526111,6973014
09:41:51,29.73,1,买,1775526111,6968434
09:41:51,29.73,2,买,1775526111,6968008
09:41:54,29.77,3,买,1775526114,6990072
09:41:54,29.77,1,买,1775526114,6989834
09:41:54,29.77,1,买,1775526114,6989576
09:41:56,29.81,2,买,1775526116,7011889
09:41:56,29.78,2,买,1775526116,7011856
09:41:56,29.81,2,买,1775526116,7011452
09:41:57,29.85,1,卖,1775526117,7020692
09:41:57,29.84,5,卖,1775526117,7020250
09:41:57,29.84,5,卖,1775526117,7020247
09:41:57,29.81,1,买,1775526117,7015307
09:41:57,29.81,2,买,1775526117,7012850
09:41:58,30.88,10,卖,1775526118,7024212
09:41:58,29.82,7,卖,1775526118,7022608
09:41:58,29.80,1,卖,1775526118,7022485
09:41:59,29.77,1,买,1775526119,7031873
09:42:00,29.82,2,卖,1775526120,7045102
09:42:00,29.81,2,卖,1775526120,7040844
09:42:00,29.81,1,卖,1775526120,7040762
09:42:00,29.78,1,买,1775526120,7038528
09:42:03,29.78,1,买,1775526123,7063993
09:42:04,29.82,2,买,1775526124,7073527
09:42:05,29.77,1,买,1775526125,7081420
09:42:11,29.78,2,买,1775526131,7122044
09:42:11,29.81,3,买,1775526131,7119789
09:42:11,29.50,8,买,1775526131,7119695
09:42:12,29.99,5,卖,1775526132,7124795
09:42:15,29.81,5,卖,1775526135,7148217
09:42:15,29.80,1,买,1775526135,7147356
09:42:16,29.80,13,卖,1775526136,7154049
09:42:16,29.81,9,卖,1775526136,7151262
09:42:16,29.81,5,卖,1775526136,7151233
09:42:16,29.81,5,卖,1775526136,7151219
09:42:17,29.77,2,卖,1775526137,7158948
09:42:17,29.82,2,买,1775526137,7158629
09:42:17,29.73,2,卖,1775526137,7158600
09:42:17,29.77,6,卖,1775526137,7158521
09:42:17,29.77,4,卖,1775526137,7158363
09:42:17,29.77,6,卖,1775526137,7158215
09:42:18,29.80,3,卖,1775526138,7166741
09:42:18,29.98,2,卖,1775526138,7165376
09:42:19,29.81,3,买,1775526139,7168894
09:42:19,29.79,10,卖,1775526139,7167821
09:42:20,30.16,10,卖,1775526140,7174779
09:42:24,29.66,30,买,1775526144,7204438
09:42:24,29.77,3,卖,1775526144,7204308
09:42:24,29.77,3,买,1775526144,7204069
09:42:24,29.79,1,卖,1775526144,7203055
09:42:25,29.79,2,买,1775526145,7210432
09:42:25,29.72,1,买,1775526145,7209647
09:42:25,29.73,6,卖,1775526145,7208160
09:42:25,29.73,3,卖,1775526145,7204546
09:42:30,29.78,6,卖,1775526150,7239700
09:42:30,29.78,6,卖,1775526150,7239657
09:42:30,29.58,1,买,1775526150,7235131
09:42:31,29.77,1,卖,1775526151,7241450
09:42:33,29.76,5,卖,1775526153,7256020
09:42:33,29.76,5,卖,1775526153,7256019
09:42:33,29.76,5,卖,1775526153,7256006
09:42:33,29.58,20,买,1775526153,7252513
09:42:34,29.77,1,卖,1775526154,7262674
09:42:36,29.76,2,卖,1775526156,7273431
09:42:36,29.75,7,卖,1775526156,7273045
09:42:36,29.76,2,卖,1775526156,7272544
09:42:36,29.73,1,卖,1775526156,7268959
09:42:37,29.74,4,卖,1775526157,7277425
09:42:37,29.74,1,卖,1775526157,7277389
09:42:39,29.73,1,卖,1775526159,7286982
09:42:39,29.73,13,卖,1775526159,7286959
09:42:39,29.73,10,卖,1775526159,7286922
09:42:39,29.73,9,卖,1775526159,7286920
09:42:40,29.65,1,买,1775526160,7290957
09:42:42,29.74,2,买,1775526162,7307143
09:42:42,29.76,19,买,1775526162,7307118
09:42:42,29.75,7,买,1775526162,7307071
09:42:42,29.74,8,买,1775526162,7307017
09:42:42,29.74,2,卖,1775526162,7306739
09:42:42,29.74,1,卖,1775526162,7306064
09:42:42,29.73,5,卖,1775526162,7305264
09:42:44,29.77,2,买,1775526164,7317922
09:42:45,29.73,1,买,1775526165,7322432
09:42:47,29.99,2,卖,1775526167,7335503
09:42:51,29.74,1,买,1775526171,7353516
09:42:52,29.67,4,买,1775526172,7360051
09:42:54,29.73,1,买,1775526174,7372864
09:42:55,29.64,3,买,1775526175,7376452
09:42:56,29.78,1,买,1775526176,7379653
09:42:58,29.62,2,买,1775526178,7389692
09:43:00,29.78,2,卖,1775526180,7402816
09:43:00,30.15,2,卖,1775526180,7400407
09:43:00,29.75,2,买,1775526180,7397808
09:43:06,29.77,9,卖,1775526186,7434405
09:43:08,29.78,2,买,1775526188,7442228
09:43:09,29.76,7,卖,1775526189,7449734
09:43:09,29.76,7,卖,1775526189,7449733
09:43:10,29.76,2,买,1775526190,7455142
09:43:10,29.78,1,买,1775526190,7454892
09:43:10,29.78,50,买,1775526190,7450593
09:43:12,29.78,9,卖,1775526192,7463616
09:43:12,29.78,1,买,1775526192,7461027
09:43:13,29.78,10,卖,1775526193,7465790
09:43:15,29.78,1,卖,1775526195,7479683
09:43:18,29.75,1,买,1775526198,7491950
09:43:18,29.76,1,买,1775526198,7491734
09:43:20,29.77,5,卖,1775526200,7504035
09:43:21,29.77,1,买,1775526201,7510560
09:43:25,29.91,1,买,1775526205,7527160
09:43:26,29.74,4,卖,1775526206,7533554
09:43:26,29.77,8,买,1775526206,7532978
09:43:29,29.78,1,卖,1775526209,7549291
09:43:30,29.77,10,卖,1775526210,7554521
09:43:30,29.77,10,卖,1775526210,7554518
09:43:33,29.77,2,卖,1775526213,7568811
09:43:33,29.76,9,卖,1775526213,7567929
09:43:36,29.75,10,卖,1775526216,7582467
09:43:36,29.75,5,卖,1775526216,7581961
09:43:36,29.75,9,卖,1775526216,7581960
09:43:36,29.75,5,卖,1775526216,7581955
09:43:36,29.75,10,卖,1775526216,7581954
09:43:36,29.75,10,卖,1775526216,7581953
09:43:36,29.75,9,卖,1775526216,7581948
09:43:36,29.75,1,卖,1775526216,7581565
09:43:36,29.75,1,卖,1775526216,7581520
09:43:38,29.74,20,卖,1775526218,7590479
09:43:39,29.73,5,卖,1775526219,7595858
09:43:39,29.73,5,卖,1775526219,7595007
09:43:40,29.73,2,卖,1775526220,7599717
09:43:41,29.75,2,卖,1775526221,7603524
09:43:42,29.67,1,买,1775526222,7609298
09:43:45,29.73,10,买,1775526225,7626854
09:43:46,29.73,2,买,1775526226,7629867
09:43:47,29.74,4,买,1775526227,7636748
09:43:48,30.60,6,卖,1775526228,7643451
09:43:58,29.73,1,卖,1775526238,7691204
09:44:01,29.74,2,买,1775526241,7710231
09:44:01,29.74,2,买,1775526241,7710091
09:44:01,29.67,10,买,1775526241,7707897
09:44:02,29.74,1,卖,1775526242,7714248
09:44:03,29.74,10,买,1775526243,7716627
09:44:03,29.75,100,买,1775526243,7716073
09:44:06,29.75,1,买,1775526246,7732158
09:44:06,29.75,1,买,1775526246,7731507
09:44:06,29.75,1,卖,1775526246,7730440
09:44:08,29.73,2,买,1775526248,7742729
09:44:12,29.60,10,买,1775526252,7756234
09:44:13,29.77,10,买,1775526253,7763690
09:44:22,29.75,2,卖,1775526262,7807873
09:44:22,29.74,10,买,1775526262,7807860
09:44:24,29.74,5,卖,1775526264,7821504
09:44:24,29.74,1,卖,1775526264,7821490
09:44:24,29.77,1,卖,1775526264,7821429
09:44:24,29.77,1,卖,1775526264,7821354
09:44:24,29.77,1,卖,1775526264,7821340
09:44:24,29.74,1,卖,1775526264,7821331
09:44:24,29.77,1,卖,1775526264,7821329
09:44:24,29.74,1,卖,1775526264,7821320
09:44:24,29.74,1,卖,1775526264,7821318
09:44:24,29.74,1,卖,1775526264,7821313
09:44:24,29.74,2,卖,1775526264,7821311
09:44:24,29.74,4,卖,1775526264,7821309
09:44:24,29.74,1,卖,1775526264,7821307
09:44:24,29.74,1,卖,1775526264,7821305
09:44:24,29.74,2,卖,1775526264,7821303
09:44:24,29.75,2,卖,1775526264,7818512
09:44:24,29.74,1,买,1775526264,7818392
09:44:26,29.75,11,卖,1775526266,7831595
09:44:26,29.75,10,卖,1775526266,7831478
09:44:26,29.76,3,卖,1775526266,7830330
09:44:27,29.74,9,卖,1775526267,7835655
09:44:27,29.74,5,卖,1775526267,7835652
09:44:27,29.75,6,卖,1775526267,7835642
09:44:27,29.75,1,卖,1775526267,7835448
09:44:27,29.75,1,卖,1775526267,7835447
09:44:27,29.75,1,卖,1775526267,7835446
09:44:27,29.74,10,卖,1775526267,7834399
09:44:28,29.74,1,卖,1775526268,7841117
09:44:28,29.74,1,卖,1775526268,7840688
09:44:28,29.74,1,卖,1775526268,7840633
09:44:28,29.74,1,卖,1775526268,7840630
09:44:28,29.74,1,卖,1775526268,7837778
09:44:29,29.74,10,卖,1775526269,7842374
09:44:30,29.74,2,卖,1775526270,7850799
09:44:30,29.73,2,卖,1775526270,7849634
09:44:30,29.72,1,卖,1775526270,7849590
09:44:30,29.72,1,卖,1775526270,7849539
09:44:30,29.72,1,卖,1775526270,7849537
09:44:30,29.72,1,卖,1775526270,7849535
09:44:31,29.73,9,卖,1775526271,7854702
09:44:31,29.73,10,卖,1775526271,7854687
09:44:31,29.73,5,卖,1775526271,7854684
09:44:32,29.73,9,卖,1775526272,7856564
09:44:33,29.73,9,卖,1775526273,7865944
09:44:33,29.73,1,卖,1775526273,7865753
09:44:33,29.73,1,卖,1775526273,7865451
09:44:33,29.73,1,卖,1775526273,7865421
09:44:33,29.66,2,买,1775526273,7861839
09:44:34,29.73,1,卖,1775526274,7871146
09:44:34,29.73,10,卖,1775526274,7869707
09:44:35,29.72,10,卖,1775526275,7874876
09:44:41,29.64,1,买,1775526281,7905665
09:44:44,29.62,6,买,1775526284,7917536
09:44:45,29.68,2,买,1775526285,7921619
09:44:45,29.63,6,卖,1775526285,7921383
09:44:48,29.67,1,买,1775526288,7933512
09:44:48,29.68,1,买,1775526288,7933507
09:44:48,29.67,1,买,1775526288,7932982
09:44:48,29.69,9,买,1775526288,7932709
09:44:53,29.68,98,买,1775526293,7953606
09:44:53,29.72,1,买,1775526293,7952654
09:44:54,29.75,2,买,1775526294,7959257
09:44:54,29.75,3,买,1775526294,7959256
09:44:54,29.75,1,买,1775526294,7959255
09:44:54,29.75,3,买,1775526294,7959215
09:44:54,29.75,2,买,1775526294,7959213
09:44:54,29.75,1,买,1775526294,7959206
09:44:54,29.74,51,买,1775526294,7957275
09:44:54,29.71,2,买,1775526294,7957265
09:44:54,29.71,7,买,1775526294,7957264
09:44:54,29.73,2,买,1775526294,7957262
09:44:54,29.73,39,买,1775526294,7957241
09:44:55,29.75,2,买,1775526295,7963505
09:44:56,29.93,1,买,1775526296,7969072
09:44:57,29.71,1,买,1775526297,7970589
09:44:57,29.75,1,买,1775526297,7970579
09:45:00,29.78,1,买,1775526300,7988042
09:45:00,29.77,6,买,1775526300,7987717
09:45:00,29.76,2,买,1775526300,7987536
09:45:00,29.76,1,买,1775526300,7987506
09:45:00,29.76,1,买,1775526300,7987434
09:45:00,29.76,2,买,1775526300,7987411
09:45:00,29.76,1,买,1775526300,7987375
09:45:00,29.76,1,买,1775526300,7987354
09:45:00,29.76,1,买,1775526300,7987353
09:45:00,29.76,1,买,1775526300,7987352
09:45:00,29.76,1,买,1775526300,7987350
09:45:00,29.76,2,买,1775526300,7987348
09:45:00,29.76,2,买,1775526300,7987346
09:45:00,29.76,1,买,1775526300,7987327
09:45:00,29.76,1,买,1775526300,7987313
09:45:00,29.76,1,买,1775526300,7987312
09:45:00,29.76,2,买,1775526300,7987291
09:45:00,29.76,2,买,1775526300,7987260
09:45:00,29.76,2,买,1775526300,7987212
09:45:00,29.76,1,买,1775526300,7987187
09:45:00,29.76,2,买,1775526300,7987171
09:45:00,29.76,1,买,1775526300,7987159
09:45:00,29.76,1,买,1775526300,7987158
09:45:00,29.76,1,买,1775526300,7987157
09:45:00,29.76,1,买,1775526300,7987156
09:45:00,29.76,1,买,1775526300,7987155
09:45:00,29.76,2,买,1775526300,7987154
09:45:00,29.76,1,买,1775526300,7987153
09:45:00,29.76,2,买,1775526300,7987151
09:45:00,29.76,1,买,1775526300,7987143
09:45:00,29.71,3,买,1775526300,7983308
09:45:00,29.75,1,买,1775526300,7983187
09:45:00,29.71,1,买,1775526300,7983128
09:45:00,29.74,1,买,1775526300,7983063
09:45:03,29.76,1,买,1775526303,8008448
09:45:03,29.76,1,买,1775526303,8005349
09:45:03,29.76,1,买,1775526303,8004456
09:45:09,29.80,1,卖,1775526309,8044764
09:45:12,29.80,1,卖,1775526312,8059799
09:45:12,29.80,1,卖,1775526312,8057162
09:45:14,29.48,6,买,1775526314,8072718
09:45:15,29.80,4,买,1775526315,8073983
09:45:18,29.71,1,买,1775526318,8102696
09:45:18,29.80,4,卖,1775526318,8102492
09:45:18,29.75,5,买,1775526318,8097356
09:45:20,29.79,1,卖,1775526320,8109703
09:45:20,29.79,1,卖,1775526320,8109689
09:45:20,29.79,1,卖,1775526320,8109687
09:45:20,29.79,1,卖,1775526320,8109653
09:45:20,29.79,1,卖,1775526320,8109582
09:45:20,29.79,1,卖,1775526320,8109549
09:45:21,29.79,1,买,1775526321,8118735
09:45:21,29.79,6,买,1775526321,8118672
09:45:21,29.79,1,买,1775526321,8118587
09:45:21,29.79,6,买,1775526321,8118577
09:45:21,29.79,1,买,1775526321,8118415
09:45:21,29.79,1,买,1775526321,8118414
09:45:21,29.79,1,买,1775526321,8118413
09:45:21,29.79,3,买,1775526321,8118412
09:45:21,29.79,1,买,1775526321,8118411
09:45:21,29.79,3,买,1775526321,8118410
09:45:21,29.79,1,买,1775526321,8118408
09:45:21,29.79,1,买,1775526321,8118400
09:45:21,29.79,1,买,1775526321,8118332
09:45:21,29.79,4,买,1775526321,8118292
09:45:21,29.79,3,买,1775526321,8118264
09:45:21,29.79,3,买,1775526321,8118180
09:45:21,29.79,1,买,1775526321,8118178
09:45:21,29.79,6,买,1775526321,8118162
09:45:21,29.79,2,买,1775526321,8118161
09:45:21,29.79,1,买,1775526321,8118160
09:45:21,29.79,2,买,1775526321,8118158
09:45:21,29.79,1,买,1775526321,8118156
09:45:21,29.79,1,买,1775526321,8118154
09:45:21,29.79,1,买,1775526321,8118151
09:45:21,29.79,3,买,1775526321,8118145
09:45:21,29.79,1,卖,1775526321,8118129
09:45:21,29.76,2,买,1775526321,8116595
09:45:22,29.80,1,买,1775526322,8124328
09:45:22,29.80,1,买,1775526322,8124327
09:45:22,29.80,2,买,1775526322,8124325
09:45:22,29.79,7,买,1775526322,8124324
09:45:22,29.80,7,买,1775526322,8124307
09:45:22,30.00,7,买,1775526322,8124289
09:45:24,29.79,1,买,1775526324,8133617
09:45:24,29.79,1,买,1775526324,8132590
09:45:27,29.82,1,卖,1775526327,8155270
09:45:30,29.82,1,买,1775526330,8175918
09:45:30,29.82,3,买,1775526330,8175912
09:45:30,29.82,1,买,1775526330,8175873
09:45:30,29.82,1,买,1775526330,8175838
09:45:30,29.82,3,买,1775526330,8175745
09:45:30,29.82,1,买,1775526330,8175697
09:45:30,29.82,1,买,1775526330,8175691
09:45:30,29.82,3,买,1775526330,8175687
09:45:30,29.82,1,买,1775526330,8175686
09:45:30,29.82,3,买,1775526330,8175684
09:45:30,29.82,1,买,1775526330,8175679
09:45:30,29.82,1,买,1775526330,8175676
09:45:30,29.82,1,买,1775526330,8175672
09:45:30,29.82,1,买,1775526330,8175641
09:45:30,29.82,3,买,1775526330,8175562
09:45:30,29.82,3,买,1775526330,8175527
09:45:30,29.82,1,买,1775526330,8175511
09:45:30,29.82,3,买,1775526330,8175505
09:45:30,29.82,2,买,1775526330,8175501
09:45:30,29.82,1,买,1775526330,8175500
09:45:30,29.82,1,买,1775526330,8175499
09:45:30,29.82,3,买,1775526330,8175495
09:45:32,29.82,1,买,1775526332,8185884
09:45:33,29.82,1,买,1775526333,8192956
09:45:33,29.82,1,买,1775526333,8191632
09:45:36,29.82,11,卖,1775526336,8212127
09:45:36,29.84,3,卖,1775526336,8211844
09:45:36,29.82,4,卖,1775526336,8211729
09:45:39,29.82,1,卖,1775526339,8228201
09:45:42,29.61,1,买,1775526342,8240759
09:45:43,29.74,10,买,1775526343,8248807
09:45:48,29.79,2,卖,1775526348,8271932
09:45:48,29.79,2,卖,1775526348,8271927
09:45:49,29.79,1,卖,1775526349,8278629
09:45:49,29.77,2,卖,1775526349,8278364
09:45:50,29.88,8,卖,1775526350,8282940
09:45:51,28.98,7,买,1775526351,8290535
09:45:52,29.81,8,卖,1775526352,8298177
09:45:53,29.77,1,卖,1775526353,8299032
09:45:54,29.74,1,买,1775526354,8307512
09:45:56,29.77,7,买,1775526356,8319896
09:45:57,29.77,1,买,1775526357,8324574
09:46:00,29.77,1,买,1775526360,8339538
09:46:01,29.77,2,买,1775526361,8351113
09:46:02,29.89,5,卖,1775526362,8355396
09:46:02,28.55,3,买,1775526362,8353160
09:46:03,29.78,5,卖,1775526363,8362129
09:46:05,29.78,2,买,1775526365,8373287
09:46:05,29.78,2,买,1775526365,8373285
09:46:05,29.95,3,买,1775526365,8373268
09:46:05,29.77,16,买,1775526365,8372718
09:46:06,29.77,1,卖,1775526366,8374555
09:46:09,29.79,2,卖,1775526369,8394759
09:46:11,29.77,1,买,1775526371,8405341
09:46:15,29.78,1,买,1775526375,8424577
09:46:15,29.78,5,卖,1775526375,8424549
09:46:17,29.78,1,买,1775526377,8438623
09:46:17,30.00,1,买,1775526377,8438601
09:46:18,29.79,2,买,1775526378,8445441
09:46:20,29.35,5,买,1775526380,8461822
09:46:20,29.78,2,买,1775526380,8461302
09:46:20,29.78,4,买,1775526380,8459781
09:46:20,29.78,1,买,1775526380,8459758
09:46:20,29.78,5,卖,1775526380,8458519
09:46:20,29.61,1,买,1775526380,8458029
09:46:22,29.77,5,买,1775526382,8473679
09:46:23,29.75,3,买,1775526383,8480659
09:46:25,29.79,11,买,1775526385,8489055
09:46:25,29.78,50,买,1775526385,8488945
09:46:26,29.79,3,买,1775526386,8500444
09:46:26,29.79,1,买,1775526386,8500207
09:46:27,29.78,1,买,1775526387,8508236
09:46:27,29.79,2,买,1775526387,8506707
09:46:27,29.78,1,买,1775526387,8504452
09:46:28,29.81,3,买,1775526388,8513663
09:46:28,29.82,1,买,1775526388,8513449
09:46:28,29.81,6,买,1775526388,8512732
09:46:28,29.81,6,买,1775526388,8512717
09:46:28,29.94,2,买,1775526388,8512683
09:46:30,29.81,1,买,1775526390,8532973
09:46:30,29.81,1,买,1775526390,8531013
09:46:31,29.81,3,买,1775526391,8537394
09:46:32,29.79,3,买,1775526392,8548781
09:46:32,29.79,1,买,1775526392,8547770
09:46:36,29.85,3,卖,1775526396,8578456
09:46:36,29.84,5,卖,1775526396,8578251
09:46:38,29.85,2,买,1775526398,8589176
09:46:40,29.85,2,买,1775526400,8606947
09:46:46,29.70,5,买,1775526406,8641823
09:46:47,29.98,5,卖,1775526407,8643728
09:46:48,29.85,2,买,1775526408,8653621
09:46:49,29.84,2,卖,1775526409,8657735
09:46:50,29.84,2,买,1775526410,8662151
09:46:51,29.86,3,买,1775526411,8670904
09:46:52,29.80,7,买,1775526412,8674900
09:46:52,29.80,2,买,1775526412,8674841
09:46:52,29.80,7,买,1775526412,8674840
09:46:52,29.90,1,买,1775526412,8674825
09:46:54,29.81,3,买,1775526414,8683750
09:46:54,29.81,8,买,1775526414,8683685
09:46:55,31.00,5,卖,1775526415,8688260
09:46:56,29.80,102,买,1775526416,8694580
09:46:56,29.75,1,买,1775526416,8691813
09:46:57,29.82,3,买,1775526417,8699732
09:46:57,29.82,1,买,1775526417,8699663
09:46:58,29.81,21,买,1775526418,8704906
09:46:58,29.81,1,卖,1775526418,8702356
09:47:00,29.82,1,买,1775526420,8716519
09:47:00,29.82,1,买,1775526420,8715850
09:47:01,29.87,10,卖,1775526421,8718594
09:47:01,29.85,4,买,1775526421,8718467
09:47:02,29.87,10,卖,1775526422,8724011
09:47:03,29.86,10,卖,1775526423,8733890
09:47:03,29.86,9,卖,1775526423,8733849
09:47:03,29.82,1,买,1775526423,8728849
09:47:06,29.86,5,卖,1775526426,8749504
09:47:07,29.85,12,卖,1775526427,8756545
09:47:07,29.61,3,买,1775526427,8752567
09:47:09,29.82,2,卖,1775526429,8766098
09:47:09,29.85,3,卖,1775526429,8765720
09:47:09,29.82,5,买,1775526429,8763062
09:47:09,31.00,17,卖,1775526429,8762380
09:47:12,29.84,5,卖,1775526432,8779797
09:47:12,29.84,5,卖,1775526432,8778719
09:47:13,29.82,1,买,1775526433,8780704
09:47:14,29.86,18,买,1775526434,8788961
09:47:18,29.85,5,买,1775526438,8809788
09:47:19,29.82,1,买,1775526439,8812935
09:47:19,29.84,2,买,1775526439,8812351
09:47:21,29.85,10,卖,1775526441,8828119
09:47:22,29.85,2,卖,1775526442,8834455
09:47:22,29.85,1,卖,1775526442,8834407
09:47:22,29.99,5,卖,1775526442,8834325
09:47:22,29.85,1,卖,1775526442,8833878
09:47:22,29.85,5,卖,1775526442,8832486
09:47:22,29.85,10,卖,1775526442,8832480
09:47:22,29.85,10,卖,1775526442,8832198
09:47:22,29.85,1,卖,1775526442,8830632
09:47:23,29.85,1,买,1775526443,8835551
09:47:24,29.84,9,卖,1775526444,8844556
09:47:24,29.85,1,卖,1775526444,8843856
09:47:24,29.85,1,卖,1775526444,8843833
09:47:24,29.84,10,卖,1775526444,8843420
09:47:24,29.84,10,卖,1775526444,8843415
09:47:24,29.84,10,卖,1775526444,8843414
09:47:24,29.84,5,卖,1775526444,8843401
09:47:24,29.84,10,卖,1775526444,8843394
09:47:24,29.85,2,卖,1775526444,8840727
09:47:24,29.85,2,卖,1775526444,8840726
09:47:25,29.84,9,卖,1775526445,8845750
09:47:27,29.83,10,卖,1775526447,8858500
09:47:27,29.84,1,卖,1775526447,8858329
09:47:27,29.81,2,卖,1775526447,8858239
09:47:27,29.81,1,卖,1775526447,8858214
09:47:27,29.81,1,卖,1775526447,8858207
09:47:27,29.81,1,卖,1775526447,8858205
09:47:27,29.81,1,卖,1775526447,8858203
09:47:27,29.81,1,卖,1775526447,8858181
09:47:27,29.81,1,卖,1775526447,8858177
09:47:27,29.81,1,卖,1775526447,8858175
09:47:27,29.81,1,卖,1775526447,8858168
09:47:27,29.81,1,卖,1775526447,8858164
09:47:27,29.81,1,卖,1775526447,8858159
09:47:27,29.81,1,卖,1775526447,8858157
09:47:27,30.80,10,卖,1775526447,8854596
09:47:28,29.82,9,卖,1775526448,8864345
09:47:28,29.83,10,卖,1775526448,8859243
09:47:28,29.83,10,卖,1775526448,8859236
09:47:30,29.82,1,卖,1775526450,8876283
09:47:30,29.82,1,卖,1775526450,8876147
09:47:30,29.80,1,卖,1775526450,8875826
09:47:31,29.87,1,买,1775526451,8882578
09:47:31,29.81,2,卖,1775526451,8881145
09:47:31,29.81,9,卖,1775526451,8880259
09:47:32,29.82,1,卖,1775526452,8884504
09:47:32,29.82,1,卖,1775526452,8884440
09:47:32,29.82,1,卖,1775526452,8884343
09:47:32,29.82,1,卖,1775526452,8884267
09:47:32,29.82,1,卖,1775526452,8884266
09:47:33,29.81,3,卖,1775526453,8892647
09:47:33,29.81,4,卖,1775526453,8892278
09:47:34,29.81,10,卖,1775526454,8895050
09:47:35,29.82,2,买,1775526455,8901065
09:47:35,29.82,2,买,1775526455,8900594
09:47:35,29.82,3,买,1775526455,8900181
09:47:35,29.79,3,买,1775526455,8900163
09:47:35,29.79,1,买,1775526455,8900041
09:47:35,29.81,10,卖,1775526455,8899646
09:47:35,29.81,10,卖,1775526455,8899642
09:47:35,29.81,1,卖,1775526455,8899503
09:47:35,29.80,1,卖,1775526455,8898837
09:47:35,29.80,1,卖,1775526455,8898817
09:47:35,29.80,1,卖,1775526455,8898804
09:47:35,29.80,1,卖,1775526455,8898795
09:47:35,29.80,1,卖,1775526455,8898793
09:47:36,29.78,14,卖,1775526456,8905564
09:47:37,29.80,1,卖,1775526457,8913611
09:47:37,29.86,1,买,1775526457,8912286
09:47:37,29.78,2,卖,1775526457,8912266
09:47:37,29.78,2,卖,1775526457,8911105
09:47:37,29.80,5,卖,1775526457,8908400
09:47:38,30.90,10,卖,1775526458,8917680
09:47:39,29.80,5,卖,1775526459,8923269
09:47:40,30.20,2,卖,1775526460,8927483
09:47:40,29.80,3,卖,1775526460,8926573
09:47:40,29.77,4,卖,1775526460,8926400
09:47:40,29.80,2,卖,1775526460,8925316
09:47:40,29.80,1,买,1775526460,8923837
09:47:41,29.80,2,买,1775526461,8933765
09:47:42,29.80,10,卖,1775526462,8939043
09:47:43,29.77,1,卖,1775526463,8943475
09:47:44,29.81,2,卖,1775526464,8949721
09:47:44,29.80,5,买,1775526464,8948471
09:47:45,29.81,1,卖,1775526465,8957979
09:47:45,31.27,2,卖,1775526465,8957957
09:47:45,29.80,7,卖,1775526465,8957864
09:47:45,29.80,1,卖,1775526465,8957830
09:47:45,29.80,1,卖,1775526465,8957807
09:47:45,29.80,1,卖,1775526465,8957806
09:47:45,29.80,2,卖,1775526465,8957775
09:47:45,29.80,2,卖,1775526465,8957734
09:47:45,29.80,1,卖,1775526465,8957729
09:47:45,29.80,1,卖,1775526465,8957727
09:47:45,29.80,1,卖,1775526465,8957725
09:47:45,29.80,1,卖,1775526465,8957723
09:47:45,29.80,3,卖,1775526465,8957720
09:47:45,29.80,32,卖,1775526465,8957687
09:47:45,29.80,1,卖,1775526465,8957633
09:47:45,29.80,1,卖,1775526465,8957628
09:47:45,29.81,1,卖,1775526465,8957598
09:47:45,29.79,1,卖,1775526465,8957586
09:47:45,29.81,1,卖,1775526465,8957578
09:47:45,29.79,2,卖,1775526465,8957574
09:47:45,29.79,1,卖,1775526465,8957553
09:47:45,29.79,1,卖,1775526465,8957507
09:47:45,29.81,1,卖,1775526465,8957506
09:47:45,29.80,5,卖,1775526465,8954248
09:47:45,29.80,2,卖,1775526465,8954094
09:47:46,29.80,14,卖,1775526466,8964679
09:47:46,29.86,1,买,1775526466,8964319
09:47:46,29.77,4,卖,1775526466,8962946
09:47:47,29.79,1,卖,1775526467,8965386
09:47:47,29.79,1,卖,1775526467,8965383
09:47:48,29.80,1,卖,1775526468,8975419
09:47:48,29.79,5,卖,1775526468,8974571
09:47:48,29.79,1,卖,1775526468,8974394
09:47:48,29.79,1,卖,1775526468,8974386
09:47:48,29.79,5,卖,1775526468,8974368
09:47:48,29.80,4,卖,1775526468,8973576
09:47:48,29.80,1,卖,1775526468,8971042
09:47:49,29.79,2,卖,1775526469,8981863
09:47:49,29.77,1,卖,1775526469,8981030
09:47:49,29.85,1,买,1775526469,8980917
09:47:49,29.79,10,卖,1775526469,8980143
09:47:52,29.76,1,卖,1775526472,8995353
09:47:52,29.78,3,卖,1775526472,8994339
09:47:52,29.78,2,卖,1775526472,8993111
09:47:54,29.78,4,卖,1775526474,9006486
09:47:55,30.70,10,卖,1775526475,9010961
09:47:55,29.77,3,买,1775526475,9008596
09:47:55,29.77,1,买,1775526475,9007993
09:47:55,29.78,5,卖,1775526475,9006653
09:47:56,29.79,1,买,1775526476,9016120
09:47:57,29.78,17,买,1775526477,9022292
09:48:01,29.05,2,买,1775526481,9042757
09:48:05,29.75,16,买,1775526485,9067332
09:48:05,29.79,1,买,1775526485,9066076
09:48:06,29.78,1,卖,1775526486,9067875
09:48:07,29.79,2,买,1775526487,9077561
09:48:07,29.76,5,买,1775526487,9075217
09:48:12,29.78,10,卖,1775526492,9101224
09:48:14,29.78,20,卖,1775526494,9110352
09:48:15,29.22,19,卖,1775526495,9113062
09:48:16,29.78,9,卖,1775526496,9119124
09:48:16,29.78,10,卖,1775526496,9118852
09:48:16,29.78,10,卖,1775526496,9118842
09:48:17,29.85,2,卖,1775526497,9126076
09:48:18,29.78,3,卖,1775526498,9135671
09:48:19,29.77,5,卖,1775526499,9142811
09:48:19,29.77,5,卖,1775526499,9137675
09:48:19,29.77,5,卖,1775526499,9137039
09:48:20,29.77,1,卖,1775526500,9147056
09:48:21,29.77,9,卖,1775526501,9153960
09:48:24,29.77,5,卖,1775526504,9170310
09:48:25,29.77,2,买,1775526505,9176115
09:48:25,29.77,5,卖,1775526505,9175940
09:48:26,29.77,10,卖,1775526506,9181534
09:48:26,29.77,10,卖,1775526506,9180860
09:48:26,29.77,9,卖,1775526506,9179931
09:48:28,29.76,9,卖,1775526508,9191227
09:48:28,29.75,20,卖,1775526508,9189864
09:48:28,29.76,10,卖,1775526508,9189810
09:48:28,29.76,5,卖,1775526508,9189676
09:48:29,29.75,1,卖,1775526509,9194925
09:48:29,29.76,5,卖,1775526509,9194911
09:48:30,29.75,1,卖,1775526510,9206152
09:48:30,29.74,5,卖,1775526510,9203442
09:48:32,29.74,9,卖,1775526512,9215995
09:48:33,29.79,15,买,1775526513,9223562
09:48:33,29.78,43,买,1775526513,9223504
09:48:33,29.73,5,买,1775526513,9223498
09:48:33,29.73,5,买,1775526513,9223497
09:48:33,29.73,2,买,1775526513,9223483
09:48:33,29.73,1,买,1775526513,9223482
09:48:33,29.73,6,买,1775526513,9223480
09:48:33,29.73,5,买,1775526513,9223479
09:48:33,29.73,5,买,1775526513,9223478
09:48:33,29.73,5,买,1775526513,9223477
09:48:33,29.73,3,买,1775526513,9223476
09:48:33,29.73,2,买,1775526513,9223475
09:48:33,29.73,2,买,1775526513,9223473
09:48:33,29.73,1,买,1775526513,9223472
09:48:33,29.73,1,买,1775526513,9223471
09:48:33,29.73,5,买,1775526513,9223469
09:48:33,29.73,5,卖,1775526513,9223454
09:48:33,29.77,1,买,1775526513,9222970
09:48:33,29.77,2,买,1775526513,9222968
09:48:33,29.75,5,买,1775526513,9222957
09:48:33,29.72,3,买,1775526513,9222956
09:48:33,29.75,5,卖,1775526513,9222937
09:48:33,29.72,2,买,1775526513,9222909
09:48:33,29.77,60,买,1775526513,9220626
09:48:33,29.72,1,买,1775526513,9220273
09:48:34,29.75,3,买,1775526514,9229370
09:48:34,29.73,10,买,1775526514,9229347
09:48:34,29.75,2,买,1775526514,9229323
09:48:38,29.72,1,买,1775526518,9247927
09:48:39,29.71,3,买,1775526519,9250578
09:48:40,29.74,9,买,1775526520,9254955
09:48:40,29.67,6,买,1775526520,9254361
09:48:40,29.80,2,买,1775526520,9254085
09:48:40,29.51,1,买,1775526520,9253639
09:48:42,29.74,1,买,1775526522,9264697
09:48:43,29.58,2,买,1775526523,9273094
09:48:44,29.80,4,买,1775526524,9275144
09:48:48,29.80,5,卖,1775526528,9297240
09:48:48,29.80,5,卖,1775526528,9297239
09:48:48,29.80,5,卖,1775526528,9297234
09:48:48,29.80,21,卖,1775526528,9297232
09:48:48,29.80,1,卖,1775526528,9297116
09:48:48,29.80,5,卖,1775526528,9295168
09:48:48,29.80,5,卖,1775526528,9295162
09:48:48,29.80,5,卖,1775526528,9295123
09:48:50,29.75,1,买,1775526530,9304127
09:48:56,29.74,1,买,1775526536,9330554
09:48:56,31.20,10,卖,1775526536,9330125
09:48:57,29.80,2,卖,1775526537,9337047
09:48:57,29.80,5,买,1775526537,9336777
09:48:58,29.86,2,卖,1775526538,9342704
09:48:58,29.80,3,卖,1775526538,9341477
09:49:06,29.77,12,买,1775526546,9383088
09:49:06,29.66,2,买,1775526546,9380676
09:49:12,29.80,2,卖,1775526552,9409439
09:49:13,29.69,5,买,1775526553,9411397
09:49:17,29.70,5,买,1775526557,9432718
09:49:19,29.78,5,买,1775526559,9441426
09:49:23,29.80,5,买,1775526563,9456476
09:49:25,29.80,11,卖,1775526565,9469166
09:49:27,29.79,5,卖,1775526567,9477596
09:49:27,29.79,5,卖,1775526567,9477591
09:49:27,29.76,6,买,1775526567,9477509
09:49:27,29.74,1,卖,1775526567,9477148
09:49:27,29.76,2,卖,1775526567,9477118
09:49:27,29.78,2,卖,1775526567,9477101
09:49:27,29.76,50,卖,1775526567,9477073
09:49:27,29.75,1,卖,1775526567,9477003
09:49:27,29.78,1,卖,1775526567,9476959
09:49:27,29.78,1,卖,1775526567,9476935
09:49:27,29.78,5,卖,1775526567,9476931
09:49:27,29.78,5,卖,1775526567,9476917
09:49:27,29.78,1,卖,1775526567,9476890
09:49:27,29.78,3,卖,1775526567,9476881
09:49:27,29.78,1,卖,1775526567,9476880
09:49:27,29.78,1,卖,1775526567,9476866
09:49:27,29.78,1,卖,1775526567,9476842
09:49:27,29.78,1,卖,1775526567,9476837
09:49:27,29.78,1,卖,1775526567,9476836
09:49:27,29.78,3,卖,1775526567,9476833
09:49:27,29.78,2,卖,1775526567,9476800
09:49:27,29.78,3,卖,1775526567,9476793
09:49:27,29.78,1,卖,1775526567,9476771
09:49:27,29.78,2,卖,1775526567,9476721
09:49:27,29.77,16,卖,1775526567,9476689
09:49:27,29.78,3,卖,1775526567,9476674
09:49:27,29.78,1,卖,1775526567,9476664
09:49:27,29.78,2,卖,1775526567,9476661
09:49:27,29.78,5,卖,1775526567,9476660
09:49:27,29.78,2,卖,1775526567,9476655
09:49:27,29.78,2,卖,1775526567,9476650
09:49:27,29.78,1,卖,1775526567,9476649
09:49:27,29.78,3,卖,1775526567,9476648
09:49:27,29.78,4,卖,1775526567,9476645
09:49:27,29.78,5,卖,1775526567,9476644
09:49:27,29.78,1,卖,1775526567,9476641
09:49:27,29.78,3,卖,1775526567,9476639
09:49:27,29.77,2,卖,1775526567,9476595
09:49:27,29.79,10,卖,1775526567,9476574
09:49:27,29.77,12,卖,1775526567,9476570
09:49:27,29.78,27,卖,1775526567,9476455
09:49:27,29.79,12,卖,1775526567,9476367
09:49:27,29.79,2,卖,1775526567,9476334
09:49:27,29.78,5,卖,1775526567,9476329
09:49:27,29.79,5,卖,1775526567,9476247
09:49:28,29.78,1,卖,1775526568,9479313
09:49:29,29.74,42,卖,1775526569,9483016
09:49:29,29.74,2,卖,1775526569,9482998
09:49:29,29.74,4,卖,1775526569,9482997
09:49:29,29.74,25,卖,1775526569,9482996
09:49:29,29.74,20,卖,1775526569,9482995
09:49:29,29.74,9,卖,1775526569,9482892
09:49:29,29.74,9,卖,1775526569,9482891
09:49:29,29.74,9,卖,1775526569,9482887
09:49:29,29.75,61,卖,1775526569,9482835
09:49:29,29.75,13,卖,1775526569,9482833
09:49:29,29.75,67,卖,1775526569,9482797
09:49:29,29.75,7,卖,1775526569,9482792
09:49:29,29.76,36,卖,1775526569,9482721
09:49:29,29.76,16,卖,1775526569,9482641
09:49:29,29.76,6,卖,1775526569,9482623
09:49:29,29.76,5,卖,1775526569,9482617
09:49:29,29.76,5,卖,1775526569,9482613
09:49:29,29.74,1,卖,1775526569,9482505
09:49:29,29.76,6,卖,1775526569,9482484
09:49:29,29.76,1,卖,1775526569,9482483
09:49:29,29.76,23,卖,1775526569,9482480
09:49:30,29.74,1,卖,1775526570,9490498
09:49:31,29.73,5,卖,1775526571,9494047
09:49:32,29.71,2,买,1775526572,9501306
09:49:32,29.71,6,卖,1775526572,9501284
09:49:32,29.74,1,买,1775526572,9500851
09:49:33,29.73,2,卖,1775526573,9506552
09:49:33,29.73,11,卖,1775526573,9506544
09:49:33,29.73,9,卖,1775526573,9506539
09:49:33,29.73,1,卖,1775526573,9506537
09:49:33,29.73,8,卖,1775526573,9506527
09:49:33,29.73,7,卖,1775526573,9506526
09:49:33,29.73,13,卖,1775526573,9506525
09:49:35,29.70,4,卖,1775526575,9517182
09:49:35,29.69,1,买,1775526575,9516173
09:49:35,29.72,4,买,1775526575,9513920
09:49:35,29.72,3,买,1775526575,9513913
09:49:35,29.72,3,买,1775526575,9513888
09:49:35,29.72,2,买,1775526575,9513885
09:49:35,29.72,1,卖,1775526575,9513854
09:49:35,29.72,1,卖,1775526575,9513730
09:49:35,29.72,1,卖,1775526575,9513694
09:49:35,29.72,1,卖,1775526575,9513692
09:49:35,29.72,1,卖,1775526575,9513691
09:49:35,29.72,1,卖,1775526575,9513690
09:49:35,29.72,1,卖,1775526575,9513669
09:49:35,29.72,1,卖,1775526575,9513653
09:49:35,29.72,1,卖,1775526575,9513652
09:49:36,29.70,1,卖,1775526576,9521722
09:49:36,31.10,10,卖,1775526576,9520017
09:49:36,29.70,1,卖,1775526576,9518875
09:49:38,32.92,6,卖,1775526578,9527851
09:49:39,29.70,2,卖,1775526579,9534337
09:49:39,29.69,5,买,1775526579,9532013
09:49:40,29.77,7,买,1775526580,9539070
09:49:40,29.77,1,买,1775526580,9539066
09:49:40,29.77,1,买,1775526580,9539038
09:49:40,29.77,2,买,1775526580,9539025
09:49:40,29.78,3,买,1775526580,9539023
09:49:40,29.77,1,买,1775526580,9539020
09:49:40,29.76,10,买,1775526580,9539019
09:49:40,29.77,1,买,1775526580,9539017
09:49:40,29.76,1,买,1775526580,9539015
09:49:40,29.76,7,买,1775526580,9539013
09:49:40,29.76,14,买,1775526580,9539012
09:49:40,29.76,6,买,1775526580,9539011
09:49:40,29.76,9,买,1775526580,9539010
09:49:40,29.75,6,买,1775526580,9539001
09:49:40,29.76,8,买,1775526580,9538999
09:49:40,29.75,9,买,1775526580,9538998
09:49:40,29.76,7,买,1775526580,9538996
09:49:40,29.76,21,买,1775526580,9538994
09:49:40,29.75,31,买,1775526580,9538993
09:49:40,29.76,21,买,1775526580,9538988
09:49:40,29.76,21,买,1775526580,9538984
09:49:40,29.76,42,买,1775526580,9538982
09:49:40,29.75,53,买,1775526580,9538981
09:49:40,29.75,1,买,1775526580,9538979
09:49:40,29.75,3,买,1775526580,9538976
09:49:40,29.75,5,买,1775526580,9538966
09:49:40,29.75,11,买,1775526580,9538964
09:49:40,29.75,8,买,1775526580,9538960
09:49:40,29.75,4,买,1775526580,9538958
09:49:40,29.75,2,买,1775526580,9538956
09:49:40,29.75,3,买,1775526580,9538954
09:49:40,29.71,4,买,1775526580,9538953
09:49:40,29.75,21,买,1775526580,9538946
09:49:40,29.75,19,买,1775526580,9538941
09:49:40,29.74,1,买,1775526580,9538940
09:49:40,29.74,16,买,1775526580,9538939
09:49:40,29.74,11,买,1775526580,9538938
09:49:40,29.74,1,买,1775526580,9538937
09:49:40,29.74,9,买,1775526580,9538936
09:49:40,29.74,5,买,1775526580,9538935
09:49:40,29.74,5,买,1775526580,9538934
09:49:40,29.74,6,买,1775526580,9538933
09:49:40,29.74,2,买,1775526580,9538932
09:49:40,29.74,24,买,1775526580,9538927
09:49:40,29.74,21,买,1775526580,9538915
09:49:40,29.73,60,买,1775526580,9538901
09:49:40,29.72,1,买,1775526580,9538881
09:49:40,29.70,100,买,1775526580,9538870
09:49:40,29.72,5,卖,1775526580,9536358
09:49:41,29.71,2,买,1775526581,9542919
09:49:41,29.73,3,买,1775526581,9542455
09:49:41,29.73,1,买,1775526581,9542416
09:49:43,29.78,5,卖,1775526583,9548244
09:49:44,29.68,1,买,1775526584,9553836
09:49:48,29.78,1,买,1775526588,9566697
09:49:51,29.78,1,买,1775526591,9580213
09:49:51,29.78,2,买,1775526591,9579722
09:49:52,29.71,10,买,1775526592,9582936
09:49:52,29.78,2,买,1775526592,9581382
09:49:52,29.78,5,卖,1775526592,9580699
09:49:53,29.73,4,买,1775526593,9585015
09:49:54,29.78,16,买,1775526594,9590556
09:49:57,29.73,1,买,1775526597,9602889
09:49:57,29.71,10,买,1775526597,9602119
09:49:58,29.78,1,卖,1775526598,9605870
09:49:59,29.71,2,买,1775526599,9611169
09:50:02,29.61,1,买,1775526602,9627367
09:50:04,29.71,14,买,1775526604,9636771
09:50:05,29.70,1,买,1775526605,9640407
09:50:06,29.75,2,买,1775526606,9645306
09:50:06,29.78,1,卖,1775526606,9643267
09:50:07,29.78,10,卖,1775526607,9649085
09:50:09,29.79,4,卖,1775526609,9660640
09:50:11,29.71,10,买,1775526611,9670616
09:50:15,29.78,5,卖,1775526615,9688328
09:50:17,29.75,42,卖,1775526617,9699418
09:50:18,29.75,1,卖,1775526618,9705534
09:50:18,29.79,1,买,1775526618,9701640
09:50:21,29.75,1,买,1775526621,9716104
09:50:21,29.75,2,买,1775526621,9716083
09:50:21,29.72,20,买,1775526621,9716073
09:50:24,29.74,5,卖,1775526624,9731536
09:50:25,29.73,1,买,1775526625,9738405
09:50:25,29.74,1,买,1775526625,9737648
09:50:27,29.73,3,买,1775526627,9743070
09:50:27,29.74,4,买,1775526627,9743011
09:50:28,29.73,10,买,1775526628,9749168
09:50:28,29.76,37,买,1775526628,9749072
09:50:28,29.73,5,买,1775526628,9749062
09:50:28,29.73,5,买,1775526628,9749053
09:50:28,29.73,3,买,1775526628,9749048
09:50:28,29.73,5,买,1775526628,9749047
09:50:28,29.73,5,买,1775526628,9749046
09:50:28,29.73,2,买,1775526628,9749044
09:50:28,29.73,6,买,1775526628,9749042
09:50:28,29.73,1,买,1775526628,9749040
09:50:28,29.73,14,卖,1775526628,9749026
09:50:29,29.75,1,买,1775526629,9756354
09:50:29,29.75,3,买,1775526629,9755122
09:50:29,29.75,3,买,1775526629,9755053
09:50:29,29.71,2,买,1775526629,9753180
09:50:33,29.78,17,买,1775526633,9770343
09:50:34,29.72,3,买,1775526634,9774544
09:50:35,29.68,20,买,1775526635,9777598
09:50:39,29.79,5,卖,1775526639,9798664
09:50:40,29.71,6,买,1775526640,9799636
09:50:45,29.78,5,卖,1775526645,9826188
09:50:45,29.78,9,卖,1775526645,9825399
09:50:45,29.78,19,卖,1775526645,9825396
09:50:45,29.78,10,卖,1775526645,9825393
09:50:45,29.78,9,卖,1775526645,9825373
09:50:45,29.78,14,卖,1775526645,9825372
09:50:45,29.78,21,卖,1775526645,9825370
09:50:45,29.78,10,卖,1775526645,9825147
09:50:47,29.78,8,卖,1775526647,9834402
09:50:48,29.77,1,卖,1775526648,9840426
09:50:48,29.76,2,卖,1775526648,9840105
09:50:48,29.77,22,卖,1775526648,9839183
09:50:48,29.77,10,卖,1775526648,9835999
09:50:49,29.82,1,买,1775526649,9844204
09:50:49,29.77,9,卖,1775526649,9840813
09:50:51,29.75,20,卖,1775526651,9850514
09:50:53,29.76,3,买,1775526653,9858930
09:50:54,29.70,7,买,1775526654,9861984
09:50:57,29.75,1,买,1775526657,9873078
09:50:59,29.72,3,买,1775526659,9882151
09:51:01,29.69,5,买,1775526661,9890010
09:51:03,29.73,10,买,1775526663,9904586
09:51:03,29.73,10,卖,1775526663,9904563
09:51:05,29.73,30,买,1775526665,9910462
09:51:09,29.74,3,买,1775526669,9931252
09:51:09,29.74,5,卖,1775526669,9931226
09:51:09,29.74,9,卖,1775526669,9930123
09:51:09,29.74,11,买,1775526669,9929690
09:51:09,29.74,11,买,1775526669,9929688
09:51:09,29.74,11,卖,1775526669,9929669
09:51:09,29.75,12,买,1775526669,9929394
09:51:13,29.74,2,买,1775526673,9944273
09:51:13,29.74,2,卖,1775526673,9944256
09:51:14,29.75,5,卖,1775526674,9947911
09:51:15,29.63,8,买,1775526675,9950008
09:51:19,29.72,5,买,1775526679,9966797
09:51:20,29.72,5,买,1775526680,9972477
09:51:20,29.75,5,买,1775526680,9972303
09:51:21,29.76,2,买,1775526681,9977025
09:51:22,29.74,1,买,1775526682,9977939
09:51:24,31.99,8,卖,1775526684,9985548
09:51:26,29.75,5,卖,1775526686,9998893
09:51:27,29.75,1,卖,1775526687,10002973
09:51:30,29.74,5,卖,1775526690,10017894
09:51:30,29.74,5,卖,1775526690,10017887
09:51:30,29.74,10,卖,1775526690,10017260
09:51:30,29.74,22,卖,1775526690,10016770
09:51:30,29.74,9,卖,1775526690,10016550
09:51:33,29.73,1,卖,1775526693,10031574
09:51:33,29.73,9,卖,1775526693,10030192
09:51:33,29.73,21,卖,1775526693,10030133
09:51:34,29.79,1,买,1775526694,10036731
09:51:35,32.92,1,卖,1775526695,10042087
09:51:36,29.73,5,卖,1775526696,10047579
09:51:36,29.73,11,卖,1775526696,10045702
09:51:36,29.72,2,卖,1775526696,10043592
09:51:36,29.71,4,买,1775526696,10043122
09:51:37,29.72,2,卖,1775526697,10049965
09:51:39,29.71,2,卖,1775526699,10061304
09:51:40,29.72,13,卖,1775526700,10066189
09:51:40,29.72,1,卖,1775526700,10062517
09:51:41,29.72,2,卖,1775526701,10069055
09:51:42,29.72,10,卖,1775526702,10075175
09:51:42,29.72,5,卖,1775526702,10074282
09:51:42,29.72,10,卖,1775526702,10073679
09:51:42,29.73,4,卖,1775526702,10072050
09:51:43,29.60,10,买,1775526703,10078305
09:51:43,29.72,10,卖,1775526703,10076751
09:51:43,29.72,5,卖,1775526703,10076737
09:51:44,29.72,8,卖,1775526704,10085042
09:51:45,29.72,1,卖,1775526705,10089182
09:51:46,29.72,5,买,1775526706,10090746
09:51:49,29.77,1,买,1775526709,10105591
09:51:53,29.73,30,买,1775526713,10119546
09:51:57,29.72,5,卖,1775526717,10141050
09:51:58,29.58,10,买,1775526718,10147081
09:52:01,29.93,5,买,1775526721,10158669
09:52:02,29.72,1,卖,1775526722,10163842
09:52:02,29.72,6,买,1775526722,10161953
09:52:03,29.72,16,买,1775526723,10167483
09:52:04,29.72,2,买,1775526724,10177396
09:52:04,29.73,2,买,1775526724,10172403
09:52:06,29.72,1,卖,1775526726,10182867
09:52:09,29.72,10,卖,1775526729,10197744
09:52:09,29.72,2,买,1775526729,10195510
09:52:10,29.72,9,卖,1775526730,10199543
09:52:11,29.58,13,买,1775526731,10206641
09:52:14,29.72,17,买,1775526734,10217005
09:52:16,29.72,2,买,1775526736,10223368
09:52:18,29.73,2,卖,1775526738,10235187
09:52:19,29.71,1,买,1775526739,10237971
09:52:21,29.73,5,卖,1775526741,10248945
09:52:22,29.73,1,买,1775526742,10255932
09:52:23,29.73,4,买,1775526743,10259486
09:52:24,29.73,6,买,1775526744,10263171
09:52:24,29.73,6,买,1775526744,10263168
09:52:24,29.73,11,买,1775526744,10263141
09:52:24,29.73,1,买,1775526744,10263110
09:52:24,29.73,1,买,1775526744,10263027
09:52:25,29.79,1,买,1775526745,10270639
09:52:27,29.74,1,卖,1775526747,10279720
09:52:27,29.73,1,卖,1775526747,10279355
09:52:28,29.72,1,卖,1775526748,10281320
09:52:29,29.76,20,买,1775526749,10286250
09:52:30,29.74,1,买,1775526750,10289882
09:52:31,29.74,5,买,1775526751,10296606
09:52:31,29.50,1,买,1775526751,10296600
09:52:31,29.74,14,买,1775526751,10295319
09:52:31,29.74,3,买,1775526751,10295300
09:52:32,29.73,1,买,1775526752,10298212
09:52:33,29.74,1,买,1775526753,10305258
09:52:33,29.73,17,买,1775526753,10303022
09:52:34,29.74,1,买,1775526754,10309629
09:52:35,29.58,10,买,1775526755,10314157
09:52:35,29.74,5,买,1775526755,10313404
09:52:35,29.74,1,买,1775526755,10313386
09:52:36,29.74,1,买,1775526756,10315481
09:52:36,29.74,1,买,1775526756,10315476
09:52:36,29.73,2,买,1775526756,10315126
09:52:37,29.74,3,买,1775526757,10322516
09:52:37,29.74,5,卖,1775526757,10322456
09:52:38,29.94,1,买,1775526758,10323315
09:52:39,29.71,1,买,1775526759,10329103
09:52:40,29.82,1,买,1775526760,10333026
09:52:41,29.72,2,买,1775526761,10337116
09:52:42,29.73,1,买,1775526762,10338232
09:52:45,29.50,4,买,1775526765,10349000
09:52:46,29.78,3,卖,1775526766,10353149
09:52:52,29.73,10,买,1775526772,10374769
09:52:55,29.97,17,卖,1775526775,10386343
09:52:57,29.78,2,卖,1775526777,10392457
09:52:57,29.75,200,买,1775526777,10391074
09:52:57,29.74,2,买,1775526777,10390476
09:52:58,29.74,100,买,1775526778,10396591
09:52:59,29.71,3,买,1775526779,10400198
09:52:59,28.01,1,买,1775526779,10399448
09:53:00,29.77,4,买,1775526780,10404201
09:53:00,29.77,5,卖,1775526780,10403204
09:53:01,29.74,13,买,1775526781,10405557
09:53:03,29.76,5,买,1775526783,10414360
09:53:03,29.76,5,卖,1775526783,10414336
09:53:16,29.76,1,买,1775526796,10464858
09:53:19,29.76,10,买,1775526799,10478725
09:53:19,29.69,10,买,1775526799,10476911
09:53:21,29.77,2,卖,1775526801,10486074
09:53:24,29.77,5,卖,1775526804,10495741
09:53:27,29.76,5,卖,1775526807,10508171
09:53:27,29.76,5,卖,1775526807,10506787
09:53:27,29.76,2,卖,1775526807,10506278
09:53:27,29.77,2,买,1775526807,10506097
09:53:27,29.76,4,卖,1775526807,10506014
09:53:27,29.76,1,卖,1775526807,10504964
09:53:28,29.76,10,卖,1775526808,10509975
